1820 2548
1519 143 1582 174 869

777 297 1003 331 DCCLXHI.

161 378 349 411 BEGORD
367 378 425 411 OF
441 378 612 412 WELSH
631 377 817 411 OUSTOM
833 378 887 411 IN
908 379 941 411 A
963 378 1073 411 SUIT
1090 378 1327 412 BETWEEN
1344 378 1625 411 HUMIPHREY

270 447 334 480 DE
379 446 562 487 BOHUN,
598 446 729 479 EARL
766 447 826 479 OF
863 447 1136 486 HEREFORD,
1173 446 1276 479 AND
1314 446 1523 479 GILBERT
1560 446 1624 479 DE

271 515 437 554 C‘LARE,
460 515 590 548 EARL
612 515 671 548 OF
694 515 1012 548 GLOUGESTER.

414 597 666 638 [Annnsswmo
689 596 893 629 PLAITORUM
924 609 955 640 p.
980 597 1054 629 226.
1081 597 1120 629 19
1143 596 1301 628 EDWARD
1325 595 1372 639 I.]

1359 665 1583 697 1290-1291,

204 732 419 765 Htmrmnus
445 734 485 766 (10
507 733 606 766 ΒοσΝ
629 745 733 766 0011100
757 734 989 767 HEREFORDIE
1016 737 1048 766 et
1074 733 1183 766 Essssx
1206 745 1341 776 querens
1368 733 1562 766 GlLssnnrth
1588 734 1628 765 (10

161 801 277 833 Omma
293 813 396 834 comes
412 802 535 835 Grion-c.
554 805 586 834 et
601 802 736 835 HERTF.
754 803 931 835 defendens
948 814 1020 835 cum
1036 803 1107 834 aliis
1125 802 1181 845 qui
1196 802 1308 834 dicunt
1323 803 1410 845 quod
1433 802 1627 834 consuetudo

161 869 308 904 WALLIE
325 871 380 902 diu
397 870 529 903 obtenta
545 871 620 903 talis
635 874 683 904 est
697 873 783 914 quod
799 873 834 904 in
850 871 972 904 casibus
997 871 1053 904 ubi
1077 872 1299 903 conteneiones
1325 873 1521 903 emerserunt
1544 870 1629 903 inter

162 942 331 982 magnates
354 939 501 971 WALLm
525 940 580 981 qui
603 942 715 972 tenent
731 941 771 972 de
786 952 862 983 rege
878 941 911 972 in
936 940 1039 982 capite
1061 940 1146 982 quod
1167 942 1340 982 antequam
1361 940 1489 982 querela
1516 940 1572 972 fiat
1596 939 1630 971 in

160 1008 248 1040 ouria
264 1008 365 1051 Regis
380 1009 420 1040 (10
436 1008 586 1050 predictis
601 1009 862 1041 contencionibus
878 1009 948 1051 capi
964 1008 1060 1041 debet
1075 1009 1206 1051 quidam
1223 1009 1291 1041 dies
1306 1009 1423 1041 amoris
1434 1009 1499 1040 sive
1511 1008 1626 1050 parlia-

160 1077 262 1109 menti
281 1077 337 1119 qui
360 1077 492 1119 quidam
515 1077 582 1109 dics
604 1080 735 1109 vocatur
753 1078 821 1110 dies
842 1077 986 1109 Marchie
1008 1081 1040 1109 et
1060 1077 1106 1109 ibi
1130 1088 1187 1119 per
1208 1077 1328 1109 vicinos
1351 1080 1383 1109 et
1404 1077 1521 1109 amicos
1544 1088 1629 1109 com-

161 1156 275 1177 munes
290 1145 346 1188 qui
361 1148 436 1177 sunt
452 1146 543 1188 quasi
558 1145 727 1188 justiciarii
738 1146 856 1178 debent
868 1146 1055 1188 hujusmodi
1068 1146 1195 1188 querele
1207 1146 1342 1188 proponi
1353 1148 1385 1178 et
1397 1157 1453 1189 per
1465 1148 1630 1178 consuetu-

163 1213 273 1246 dinem
287 1213 432 1246 Marchie
448 1214 620 1253 emendari,
638 1218 696 1246 etc.

789 1357 1006 1390 DCCLXIV.

164 1437 449 1473 QUIT-CLAIM
466 1437 531 1470 BY
546 1437 720 1470 HENRY
740 1438 804 1470 DE
828 1438 1091 1471 SUTTHUNE
1116 1439 1174 1472 ΤΟ
1191 1439 1400 1472 MARGAM
1417 1439 1475 1471 OF
1498 1438 1630 1471 LAND

219 1505 273 1538 [N
296 1505 659 1546 BRADINGTUNE,
683 1507 817 1539 HELD
842 1507 901 1540 OF
924 1507 1098 1540 HENRY
1122 1508 1185 1540 DE
1209 1507 1453 1541 UMFRAMV
1454 1507 1575 1540 ILLE.

627 1588 802 1631 [MARGAM
827 1589 1020 1632 CHARTER]
1054 1589 1164 1622 ΤΕΜΡ.
1182 1589 1322 1622 Enw.1.
1369 1589 1474 1621 CIRCA
1493 1589 1585 1621 1290.

206 1668 316 1701 Sciant
338 1681 369 1712 p.
394 1672 426 1701 et
449 1669 472 1701 f.
489 1681 519 1712 q.
545 1681 571 1702 0.
596 1669 778 1702 HENRICUS
801 1671 841 1703 de
863 1671 1051 1703 SUTTEUNE
1076 1671 1207 1704 consilio
1230 1674 1263 1703 et
1285 1682 1439 1704 consensu
1454 1671 1628 1702 amicorum

158 1748 303 1770 meorum
320 1749 377 1780 pro
400 1738 471 1770 Deo
494 1740 526 1770 et
549 1738 651 1770 salute
673 1739 780 1771 anime
795 1750 864 1771 mee
887 1742 919 1771 et
935 1741 1080 1772 omnium
1095 1743 1188 1772 antec
1205 1765 1211 1771 .
1230 1742 1261 1771 et
1285 1751 1349 1772 suc.
1367 1750 1409 1771 m„
1434 1739 1571 1771 concessi
1594 1741 1627 1771 et

163 1806 290 1848 quitum
307 1806 441 1838 clamavi
456 1806 528 1839 Deo
544 1810 576 1838 et
591 1807 719 1839 ecclesie
734 1808 774 1839 B.
792 1807 838 1840 M.
857 1809 896 1840 de
912 1808 1064 1840 MARGAN
1084 1811 1116 1840 et
1131 1819 1174 1840 m.
1191 1808 1212 1840 i.
1230 1807 1273 1840 D.
1292 1819 1315 1840 s.
1332 1810 1437 1840 totum
1452 1807 1506 1849 jus
1520 1818 1628 1839 meum

163 1877 195 1908 et
216 1875 367 1907 olamium
389 1886 497 1907 meum
520 1876 607 1917 quod
628 1875 726 1908 habui
750 1877 783 1908 in
807 1879 892 1909 terra
914 1877 953 1909 (10
976 1877 1232 1909 BRADmo'rUNE
1249 1902 1256 1908 .
1274 1887 1371 1918 quam
1394 1878 1567 1908 tenuerunt
1589 1876 1630 1907 (10

162 1942 323 1975 Hssmuco
346 1944 385 1975 de
408 1943 659 1976 UMFRAMVILL’
683 1945 805 1977 seniore
829 1948 861 1977 et
890 1944 1061 1977 heredibus
1083 1945 1157 1977 suis.
1213 1945 1266 1977 Ita
1289 1944 1437 1976 videlicet
1459 1944 1545 1986 quod
1567 1954 1627 1986 ego

164 2022 331 2053 nunquam
353 2012 404 2044 vel
427 2012 543 2054 aliquis
566 2011 721 2044 heredum
746 2024 889 2045 meorum
912 2014 947 2045 in
970 2014 1056 2045 dicta
1078 2016 1163 2045 terra
1186 2013 1317 2055 aliquod
1337 2012 1392 2055 jus
1415 2012 1464 2044 vel
1480 2012 1630 2044 olamjum

165 2090 282 2122 ponere
305 2081 488 2123 poterimus.
547 2080 604 2113 Set
628 2083 666 2113 ut
697 2081 775 2113 dieti
811 2081 960 2113 monachi
989 2084 1121 2114 teneant
1152 2084 1184 2113 et
1213 2080 1354 2113 habeant
1383 2083 1484 2113 totam
1513 2080 1633 2113 dictam

165 2149 284 2181 terram
299 2148 379 2181 bene
395 2152 426 2180 et
441 2149 476 2181 in
491 2160 567 2191 paee
585 2175 592 2181 .
608 2149 706 2181 libere
722 2152 754 2181 et
767 2149 873 2192 quiete
891 2175 898 2182 .
916 2161 988 2181 oum
1004 2149 1152 2181 omnibus
1167 2149 1372 2191 pertinenciis
1384 2148 1448 2180 suis
1465 2173 1472 2180 .
1489 2148 1632 2190 quietam

166 2214 208 2249 ab
223 2217 311 2248 omni
327 2217 454 2249 servitio
472 2242 479 2249 .
497 2217 661 2249 exactione
676 2220 708 2250 et
724 2218 883 2250 demanda
900 2218 1034 2250 seculari
1051 2243 1058 2249 .
1075 2219 1233 2260 quantum
1249 2217 1291 2248 ad
1306 2227 1358 2248 me
1373 2216 1424 2248 vel
1439 2216 1478 2248 ad
1503 2215 1634 2249 heredes
