1820 2548
1540 219 1621 250 1081

199 386 262 416 que
283 375 389 407 tendit
407 386 426 406 a
446 374 499 406 via
519 374 615 406 viridi
636 374 780 416 predicta
801 386 840 406 ex
863 378 954 416 parte
974 374 1089 407 boriali
1106 386 1207 417 usque
1231 376 1272 407 ad
1303 381 1421 408 terram
1449 388 1510 418 que
1536 379 1668 408 vocatur

202 442 379 476 WOTLOND
395 455 435 476 ex
449 445 540 485 parte
555 442 697 474 australi.
744 442 945 475 Habendum
964 446 995 475 et
1014 444 1190 475 tenendum
1214 443 1272 476 sibi
1297 447 1328 476 et
1350 444 1520 477 heredibus
1543 445 1607 477 suis
1630 445 1670 477 de

200 523 252 543 me
277 514 310 544 et
332 511 502 544 heredibus
524 511 603 544 meis
625 511 724 543 libere
747 514 779 543 et
801 512 908 554 quiete
931 511 1103 545 honorifice
1126 514 1159 544 et
1180 513 1215 544 in
1238 525 1324 556 pace.
1386 513 1565 546 Reddendo
1594 514 1670 546 inde

203 581 373 613 annuatim
383 581 462 612 mihi
473 583 505 613 et
517 579 686 612 heredibus
697 580 777 612 meis
788 581 856 623 ipse
871 584 903 613 et
918 581 1049 613 heredes
1062 581 1111 613 sui
1127 583 1168 614 ad
1180 582 1300 614 festum
1312 582 1434 615 Pasche
1444 586 1513 615 octo
1525 583 1672 615 denarios

202 649 430 692 sterlingorum
450 660 507 692 pro
531 649 618 681 omni
641 649 772 681 servicio
795 652 827 681 et
851 650 985 681 seculari
1008 651 1166 682 demando
1191 651 1277 683 salvo
1300 651 1434 683 servicio
1457 651 1558 694 regali
1582 654 1672 684 tante

203 721 286 750 terre
301 718 491 760 pertinente.
538 718 584 750 Et
599 729 659 760 ego
682 729 757 750 vero
779 717 802 750 J
804 728 962 750 OHANNES
986 718 1215 751 BLONCAYNEL
1239 722 1270 751 et
1293 719 1424 752 heredes
1446 718 1510 751 mei
1531 720 1673 763 predicto

203 786 365 819 Romzmo
381 786 524 819 Mos-sm
540 789 572 819 et
586 785 758 819 heredibus
774 787 838 818 suis
853 789 956 819 totam
979 787 1156 829 predictam
1179 790 1297 819 terram
1312 800 1370 830 pro
1385 789 1515 821 redditu
1530 788 1674 831 predicto

205 858 314 888 contra
336 855 481 888 homines
501 858 533 888 et
556 855 694 888 feminas
716 855 943 898 inperpetuum
966 855 1256 888 warantizabimus.
1303 856 1389 888 Item
1413 868 1472 900 ego
1495 857 1677 890 JOHANNES

204 924 434 956 Bioxcnmmt
457 924 532 956 dedi
553 924 696 966 predicto
727 923 888 955 RonERTo
919 905 1062 956 Momm
1087 935 1190 956 unum
1217 925 1434 967 messuagium
1466 926 1499 957 in
1530 926 1608 957 villa
1639 926 1678 957 de

204 992 378 1025 PENMAYN
394 993 429 1024 in
445 1004 507 1034 quo
530 992 649 1025 mansit
672 992 694 1024 J
696 1003 854 1024 onANXRs
879 992 1030 1025 GIBELor
1053 996 1084 1025 et
1108 995 1214 1025 ortum
1238 996 1269 1025 et
1293 994 1383 1026 aliud
1405 994 1622 1037 messuagium
1643 994 1678 1026 in

203 1073 266 1103 quo
293 1061 412 1093 mansit
440 1060 584 1093 Tnoms
607 1060 748 1093 Lim-‚ns
771 1064 803 1093 et
827 1064 933 1093 ortum
956 1061 1014 1093 sub
1038 1062 1150 1093 eadem
1176 1061 1325 1094 libertate
1357 1074 1421 1104 qua
1444 1063 1473 1094 ei
1501 1063 1678 1105 predictam

202 1132 321 1162 terram
337 1130 484 1161 concessi.
542 1129 588 1161 Et
611 1141 714 1161 unum
736 1129 961 1162 molendinum
977 1131 1063 1172 quod
1086 1130 1242 1162 faciemus
1264 1130 1349 1163 inter
1371 1142 1422 1162 me
1446 1134 1478 1163 et
1500 1131 1680 1173 predictum

204 1197 396 1230 ROBERTUM
412 1198 597 1230 habendum
613 1197 673 1230 sibi
688 1200 721 1230 et
742 1197 914 1230 heredibus
937 1179 1002 1230 suis
1023 1198 1257 1231 dimidietatem
1273 1199 1360 1231 illius
1375 1199 1552 1231 molendini
1568 1199 1681 1232 diebus

205 1266 284 1298 meis
299 1269 331 1298 et
346 1269 453 1298 totum
468 1269 540 1309 post
556 1266 624 1298 dies
639 1277 735 1298 meos.
782 1266 827 1298 Et
844 1269 880 1298 ut
903 1266 962 1298 hac
978 1278 1049 1298 mea
1069 1267 1202 1299 donacio
1225 1270 1296 1299 rata
1319 1270 1383 1300 stet
1405 1270 1437 1299 et
1460 1267 1584 1300 stabilis
1606 1268 1681 1300 huic

203 1335 320 1377 scripto
348 1335 492 1377 sigillum
522 1346 631 1367 meum
662 1335 805 1377 apposui.
861 1335 939 1367 Hiis
968 1334 1106 1367 testibus
1138 1361 1144 1367 .
1178 1335 1348 1367 Pmmppo
1386 1337 1426 1368 de
1463 1335 1568 1368 Nem
1603 1338 1681 1369 tuno

207 1404 377 1435 senescallo
412 1403 574 1436 Gronssmn
612 1429 618 1435 .
651 1403 827 1436 WALTERO
857 1404 1023 1436 Moxsmt
1053 1409 1130 1436 tunc
1158 1403 1393 1436 constabulario
1424 1405 1463 1436 de
1499 1404 1648 1437 GotJm-:R
1672 1430 1680 1438 .

206 1471 371 1504 MAero
386 1472 498 1508 clerico
509 1477 587 1504 tunc
599 1472 750 1515 scriptore
766 1473 861 1504 castri
874 1498 880 1505 .
895 1472 1057 1505 Ronnn’ro
1073 1473 1112 1504 de
1128 1472 1258 1505 Pmms
1273 1499 1278 1504 .
1293 1473 1315 1506 J
1317 1484 1459 1505 OHANNE
1476 1475 1515 1506 de
1532 1473 1682 1507 anzs

205 1541 363 1573 militibus
380 1567 386 1573 .
405 1541 558 1573 Husoxss
574 1541 705 1574 Punmc
723 1567 729 1573 .
747 1541 902 1574 RmAnno
923 1542 963 1574 de
986 1542 1100 1574 Bima
1119 1568 1126 1574 .
1144 1541 1307 1574 Hmnuco
1330 1542 1473 1575 Moxsnn
1491 1569 1497 1575 .
1517 1542 1679 1575 anmco

205 1611 246 1642 de
263 1609 409 1642 Wonnir
425 1613 456 1641 et
472 1610 584 1642 multis
598 1610 679 1642 aliis.

250 1677 323 1711 Seal
339 1678 496 1721 wanting.

254 1747 319 1769 With
332 1751 449 1775 apparent
461 1753 578 1775 accuracy
591 1747 667 1769 called
680 1746 748 1770 Circa
762 1748 826 1775 1420,
837 1747 862 1770 in
874 1747 995 1770 Francis's
1008 1748 1100 1770 Album
1111 1748 1136 1769 of
1153 1747 1219 1777 Orig.
1232 1747 1391 1771 Documems.

801 1917 1086 1950 DCCCXGVHI.

204 1996 370 2030 GRANT
411 1996 478 2029 BY
516 1996 738 2030 WILL1AM
777 1997 841 2030 DE
882 1997 1073 2030 BREUSA
1114 1997 1174 2030 OF
1214 1997 1341 2030 FREE
1372 1998 1590 2032 TRADING
1620 1999 1675 2033 IN

547 2065 629 2099 HIS
659 2065 792 2098 LAND
823 2065 881 2099 ΤΟ
911 2066 1121 2099 MARGAM
1150 2066 1324 2099 ABBEY.

749 2147 923 2191 [Minoa
947 2147 1142 2191 CHARTER]
1407 2147 1512 2181 ancA
1537 2150 1630 2182 1320.

252 2228 361 2261 Sciant
385 2232 548 2271 presentes
573 2231 605 2261 et
638 2228 741 2261 futuri
777 2230 863 2271 quod
901 2240 962 2272 ego
1002 2228 1220 2263 WILLELMUS
1259 2229 1299 2261 de
1340 2228 1479 2261 BREUSA
1521 2241 1676 2263 consensu

207 2298 364 2330 heredum
403 2308 547 2330 meorum
595 2308 653 2340 pro
697 2297 799 2330 salute
843 2298 950 2330 anime
994 2309 1064 2330 mee
1107 2300 1140 2330 et
1185 2298 1330 2330 omnium
1371 2300 1605 2332 antecessorum
1647 2301 1680 2333 et

362 2403 414 2430 GL
