1820 2548
238 210 320 241 1012

190 375 225 396 ac
246 376 303 397 nos
321 365 372 397 vel
394 365 535 397 haeredes
556 365 658 396 nostri
678 364 753 396 inde
776 364 878 396 facere
897 375 1058 406 possemus
1080 363 1275 406 temporibus
1292 363 1494 396 vacationum
1512 363 1644 406 praedic-

190 436 305 465 tarum.
362 433 466 466 Salvis
495 433 587 465 nobis
615 436 648 465 et
677 432 847 464 heredibus
876 432 992 464 nostris
1022 432 1123 464 feodis
1151 432 1303 471 militum,
1335 432 1361 463 si
1391 432 1447 474 qui
1476 434 1646 464 teneantur

189 502 229 534 de
243 502 426 544 episcopatu
441 502 582 544 predicto
605 504 637 533 et
655 501 915 534 advocationibus
931 501 1142 540 ecclesiarum,
1160 512 1232 533 oum
1252 501 1424 533 acciderint
1445 500 1641 543 temporibus

187 571 390 602 vacationum
414 570 637 612 predictarum,
665 570 712 601 ita
735 570 821 611 quod
845 580 954 601 omnes
976 569 1120 601 redditus
1143 572 1175 601 et
1200 569 1331 600 servicia
1353 580 1460 600 annua
1482 569 1522 601 de
1544 569 1646 601 feodis

187 639 347 680 praedictis
361 639 396 670 in
411 638 628 670 vacationibus
643 638 708 669 illis
722 637 942 680 provenientia
956 639 1119 669 remaneat
1135 637 1274 679 capitulo
1290 637 1428 669 ecclesiae
1444 637 1641 679 supradictae.

187 706 290 738 Salvis
299 707 396 739 etiam
407 706 499 739 nobis
511 709 543 738 et
553 706 734 738 haeredibus
745 706 861 738 nostris
872 705 1000 737 escaetis
1012 717 1083 747 quse
1094 705 1233 737 accidere
1245 705 1439 747 contigerint
1448 703 1643 747 temporibus

185 775 355 818 praedictis,
385 787 457 817 quae
487 775 617 816 quidem
647 777 777 806 escaetae
801 774 937 816 singulis
958 773 1116 816 ejusmodi
1139 773 1358 805 vacationibus
1379 773 1480 805 finitis
1494 773 1642 806 videficet

185 846 257 885 post
275 843 462 875 fidelitatem
483 843 581 885 ipsius
597 854 691 884 quem
708 842 826 874 ibidem
843 841 920 884 eligi
935 844 966 874 et
982 841 1161 874 confirmari
1176 853 1231 873 seu
1253 841 1372 883 praefici
1395 841 1588 884 contingerit
1609 841 1644 873 in

187 911 370 954 episcopum
397 911 488 943 nobis
514 911 565 942 vel
587 910 756 942 heredibus
781 910 895 942 nostris
921 910 1040 942 factam
1066 909 1250 949 liberentur,
1276 912 1308 941 et
1332 911 1519 941 remaneant
1540 909 1644 941 eidem

183 980 328 1022 episcopo
344 985 375 1011 et
391 979 618 1011 successoribus
634 979 698 1011 suis
714 979 867 1021 episcopis
890 979 976 1010 illius
996 979 1057 1010 loci
1076 979 1313 1020 imperpetuum
1336 978 1403 1010 sine
1419 978 1578 1010 occasione
1593 977 1645 1009 vel

183 1048 412 1090 impedimento
438 1048 537 1079 nostri
561 1047 611 1079 vel
634 1047 789 1079 heredum
816 1049 995 1079 nostrorum
1017 1057 1288 1088 quorumcunque,
1312 1046 1474 1078 reddendo
1496 1045 1588 1077 nobis
1609 1047 1643 1077 et

181 1116 362 1149 haeredibus
376 1116 492 1148 nostris
507 1128 564 1158 pro
585 1115 727 1157 qualibet
750 1115 914 1147 vacatione
939 1115 1136 1157 episcopatus
1156 1115 1252 1153 1111115,
1269 1114 1296 1146 51
1315 1125 1372 1156 per
1393 1125 1495 1145 unum
1518 1124 1639 1145 annum

184 1185 347 1227 integrum
373 1184 537 1215 duraverit
563 1187 700 1225 quatuor
726 1183 844 1226 viginti
871 1186 903 1214 et
927 1183 1093 1214 tresdecim
1117 1182 1215 1214 libras
1238 1193 1352 1214 novem
1378 1182 1494 1214 solidos
1515 1184 1547 1213 et
1570 1184 1640 1214 octo

180 1253 336 1291 denarios,
348 1253 389 1284 ad
405 1264 482 1294 quos
497 1252 695 1294 episcopatus
711 1252 771 1283 loci
788 1252 874 1283 illius
887 1254 1016 1283 taxatur
1031 1250 1209 1289 annuatim,
1220 1253 1252 1282 et
1268 1250 1293 1282 si
1306 1250 1427 1282 vacatio
1443 1249 1640 1291 episcopatus

181 1322 324 1364 praedicti
348 1321 512 1353 duraverit
534 1322 619 1352 ultra
641 1332 743 1352 unum
769 1331 891 1352 annum
914 1322 991 1352 tunc
1015 1319 1191 1361 capitulum
1215 1318 1351 1350 ecclesiae
1378 1318 1465 1350 illius
1487 1329 1544 1360 pro
1567 1320 1637 1350 rata

179 1390 330 1432 temporis
357 1401 419 1431 quo
448 1390 570 1421 vacatio
597 1390 654 1420 illa
680 1390 764 1420 ultra
788 1400 909 1420 8111111111
936 1387 1097 1420 duraverit
1123 1387 1162 1418 de
1185 1387 1334 1428 predictis
1361 1388 1496 1428 quatuor
1523 1386 1640 1428 viginti

178 1462 209 1490 et
247 1458 420 1490 tresdecem
450 1457 539 1489 libris
569 1468 683 1489 novem
714 1457 822 1489 solidis
848 1459 880 1488 et
910 1458 979 1488 octo
1009 1455 1147 1487 denariis
1177 1455 1249 1497 plus
1279 1454 1390 1493 solvat,
1416 1456 1448 1486 et
1472 1454 1498 1486 si
1522 1454 1638 1486 minori

178 1531 320 1569 tempore
357 1526 519 1558 duraverit
564 1537 661 1567 quam
699 1537 755 1567 per
799 1536 920 1556 annum
957 1527 1034 1556 tuno
1078 1534 1135 1565 pro
1172 1527 1241 1554 rata
1278 1522 1430 1564 temporis
1466 1522 1554 1553 illius
1597 1522 1637 1553 de

178 1595 338 1638 praedictis
367 1598 504 1636 quatuor
535 1594 652 1635 viginti
682 1596 714 1625 et
746 1593 911 1625 tresdecim
942 1592 1031 1624 libris
1061 1602 1175 1623 novem
1205 1591 1314 1622 solidis
1344 1592 1375 1621 et
1406 1592 1475 1622 octo
1502 1589 1640 1622 denariis

180 1675 236 1706 per
279 1663 386 1695 minus
431 1663 541 1695 solvat.
588 1662 634 1693 Et
670 1661 818 1693 volumus
863 1662 895 1692 et
932 1659 1131 1692 concedimus
1168 1670 1224 1700 pro
1262 1657 1354 1690 nobis
1391 1660 1423 1689 et
1460 1657 1639 1689 haeredibus

179 1731 295 1764 nostris
317 1731 403 1773 quod
426 1730 614 1772 praedictum
641 1729 818 1771 capitulum
845 1732 877 1760 et
900 1738 1088 1760 successores
1110 1727 1159 1758 sui
1182 1727 1421 1768 imperpetuum
1446 1725 1585 1757 habeant
1608 1726 1641 1757 et

179 1802 310 1832 teneant
334 1799 510 1830 custodiam
531 1798 728 1840 episcopatus
747 1796 893 1839 praedicti
913 1795 1049 1838 singulis
1068 1793 1263 1837 temporibus
1278 1793 1480 1825 vacationum
1496 1786 1640 1835 ejusdem

181 1868 214 1900 in
246 1868 349 1900 forma
379 1867 531 1908 praedicta
560 1877 616 1907 per
642 1876 845 1907 quascunque
883 1864 1034 1906 temporie
1071 1863 1256 1895 duraverint
1287 1861 1467 1893 vacationes
1496 1861 1640 1903 ejusdem

181 1936 327 1968 ecclesiae.
386 1934 440 1966 Ita
462 1935 547 1976 quod
569 1934 678 1966 nullus
701 1936 849 1972 escaetor,
874 1933 1053 1970 vicecomes,
1077 1943 1133 1963 seu
1155 1931 1236 1962 alius
1257 1930 1395 1962 ballivus
1420 1929 1472 1961 vel
1495 1929 1640 1960 minister

182 2008 288 2036 noster
317 2003 498 2045 quicunque
529 2006 584 2033 aut
616 2001 779 2033 haeredum
809 2004 989 2032 nostrorum
1025 2000 1064 2032 de
1094 1999 1237 2031 custodia
1268 1998 1465 2040 episcopatus
1495 1996 1638 2039 praedicti

182 2072 396 2104 maneriorum
417 2075 473 2102 aut
494 2071 629 2102 aliarum
649 2081 757 2101 rerum
779 2081 834 2101 seu
857 2069 1012 2101 bonorum
1034 2077 1304 2109 quorumcunque,
1321 2066 1362 2097 ad
1383 2066 1503 2097 dictum
1524 2064 1641 2107 episco-

182 2144 294 2182 patum
330 2139 542 2181 spectantium
580 2148 706 2180 quoquo
743 2138 837 2169 modo
874 2137 996 2168 ratione
1034 2135 1206 2167 vacationis
1243 2134 1339 2172 illius,
1366 2145 1420 2165 seu
1457 2133 1491 2164 in
1528 2132 1636 2174 aliquo

181 2207 384 2244 intromittat,
412 2206 471 2237 hoc
500 2210 607 2238 tamen
638 2208 779 2247 excepto,
805 2205 890 2246 quod
916 2206 1062 2241 escaetor,
1088 2203 1139 2234 vel
1163 2202 1244 2234 alius
1271 2201 1416 2233 minister
1441 2202 1556 2238 noster,
1583 2211 1638 2231 seu

183 2275 348 2307 haeredum
364 2280 553 2313 nostrorum,
570 2273 625 2315 qui
641 2284 698 2315 pro
710 2275 852 2315 tempore
868 2272 990 2304 fuerint
1004 2270 1090 2302 iutra
1105 2270 1236 2312 aliquod
1250 2269 1429 2301 manerium
1445 2267 1641 2309 episcopatus
