1820 2548
1502 179 1584 210 1019

168 347 248 379 opus
262 337 384 369 domini
405 336 529 369 oomifis
543 347 600 378 per
615 335 776 367 ministros
799 347 871 367 suos
896 335 1102 378 appropriati,
1124 346 1181 378 per
1203 335 1382 378 predictum
1405 333 1629 366 WILLELMUM

168 406 208 437 de
237 404 424 437 Emmom
454 403 687 437 thesaurarium
717 403 889 443 KAERmF,
921 404 1063 446 predicto
1093 403 1202 436 abbati
1231 403 1373 445 plenarie
1411 402 1628 435 deliberantur

168 474 342 506 seeundum
357 475 544 516 proportum
558 472 693 504 waranti
708 472 768 511 sui,
784 474 816 504 et
832 472 902 504 eet'.

213 542 301 584 Only
316 553 375 575 one
391 542 456 574 sea}
471 541 505 573 of
519 541 575 573 the
589 541 695 584 jurors
714 541 862 579 remains,
879 541 959 572 dark
975 552 1073 582 green
1088 552 1170 580 wax,
1187 540 1252 582 gin.
1269 540 1469 582 hexagona13
1493 551 1512 571 a
1528 539 1629 571 shield

169 611 203 643 of
217 622 320 643 arms:
344 622 363 642 a
378 622 460 643 oross
474 610 578 652 fleury
593 609 736 642 between
756 610 794 641 12
813 609 936 652 [bfflets
947 609 978 652 Ρ]
997 610 1031 641 in
1047 609 1164 641 saltire.

581 681 589 696 ‘
607 683 639 715 -Ι-
661 677 685 710 s'
710 677 796 710 IOH’I
814 703 949 710 ......
968 689 990 710 N
1009 702 1143 710 ......
1162 677 1212 709 1s.'

211 747 432 780 Endorsed—‘
447 746 624 779 Comitatus
649 745 768 779 Kerdif
790 758 847 789 pro
871 746 1008 778 wreeco.'
1065 746 1143 778 And
1167 746 1201 777 in
1226 757 1245 778 a
1266 746 1348 777 later
1365 745 1628 788 handwriting—

172 817 246 849 ‘An
270 815 467 858 Inquisieion
482 815 604 847 whex-in
628 815 677 847 hit
699 815 726 846 is
752 815 854 847 found
876 815 948 847 that
963 814 1097 847 thobbat
1120 814 1154 846 of
1176 814 1316 857 Margan
1339 814 1464 856 oweght
1493 817 1526 846 to
1548 814 1631 846 haue

171 885 312 917 wrekkes
326 884 471 926 betwyxt
484 883 581 916 Avon
597 884 662 915 and.
677 882 816 925 Kenfeg.
865 884 884 914 6
901 882 940 914 E.
959 882 1001 914 ⁴2)

786 1121 1018 1154 DCCCLXII.

173 1203 333 1237 GRANT
378 1203 444 1236 BY
488 1202 668 1242 LEUKY,
720 1202 990 1235 DAUGHTER
1045 1202 1103 1234 OF
1157 1202 1344 1235 MEURIG
1399 1202 1521 1235 GOYG
1576 1203 1638 1235 ΑΡ

278 1271 509 1311 JERUART,
533 1270 590 1303 ΤΟ
621 1271 699 1303 SIR
729 1271 918 1303 ROBERT
945 1271 1009 1303 DE
1041 1270 1235 1310 PENRES,
1267 1270 1388 1310 KNT„
1417 1271 1476 1303 OF
1503 1270 1635 1304 LAND

278 1340 516 1374 BETWEEN
550 1340 822 1373 PENMENUD
861 1340 962 1372 AND
1008 1339 1255 1372 PANTGLAS
1301 1340 1355 1373 IN
1401 1340 1500 1372 THE
1544 1340 1637 1372 FEE

281 1408 340 1441 OF
377 1408 674 1441 LLANDIMOR.

711 1489 885 1532 [MARGAM
909 1489 1103 1532 CHARTER]

1061 1571 1079 1601 6
1104 1570 1190 1602 Nov.
1239 1572 1258 1603 S
1282 1571 1378 1603 Enw.
1404 1571 1452 1603 Π.
1502 1572 1593 1603 1314.

217 1638 326 1673 Sciant
349 1640 509 1680 presentes
531 1641 564 1670 et
579 1638 683 1671 futuri
705 1641 791 1681 quod
814 1651 874 1682 ego
897 1639 1022 1672 Lixum
1045 1640 1112 1672 filia
1135 1643 1167 1672 et
1189 1640 1279 1672 heres
1302 1640 1455 1672 Mssmuex
1481 1640 1582 1672 Com'
1600 1652 1640 1683 ap

173 1707 195 1739 J
199 1717 332 1738 ERUART
347 1706 421 1738 dedi
438 1707 573 1738 concessi
589 1709 620 1738 et
636 1707 694 1739 hac
709 1708 848 1749 presenti
865 1710 951 1740 carta
966 1720 1037 1740 mea
1056 1709 1241 1740 confirmavi
1264 1708 1393 1740 domino
1417 1708 1578 1740 Rossmzm
1601 1709 1640 1740 de

173 1775 310 1807 annns
333 1774 430 1806 militi
454 1775 562 1806 decem
584 1786 672 1807 aeras
691 1778 775 1808 terre
794 1787 866 1808 cum
893 1777 1099 1819 pertinenciis
1124 1777 1158 1808 in
1185 1777 1277 1808 feodo
1301 1777 1340 1808 de
1364 1776 1553 1808 LANDIMOR
1577 1789 1638 1819 que

172 1844 281 1886 jacent
303 1843 434 1874 insimul
457 1843 542 1875 inter
564 1843 762 1876 Pmmmwn
785 1847 816 1876 et
839 1845 1028 1877 PANTGLAS.
1075 1845 1275 1878 Habendum
1299 1848 1332 1877 et
1355 1846 1529 1877 tenendum
1554 1845 1639 1877 dioto

174 1912 304 1945 domino
320 1911 480 1944 Ronsmo
496 1914 528 1944 et
543 1911 713 1945 heredibus
728 1913 793 1945 suis
808 1916 841 1946 et
855 1914 1026 1956 assignatis
1042 1914 1140 1945 libere
1156 1914 1264 1956 quiete
1278 1913 1360 1946 bene
1375 1916 1407 1945 et
1422 1914 1551 1956 pacifice
1567 1914 1638 1956 jure

171 1980 363 2013 hereditario
379 1980 414 2012 in
429 1984 629 2023 perpetuum.
676 1981 853 2014 Reddendo
869 1982 944 2014 inde
960 1982 1129 2014 annuatim
1152 1983 1282 2014 domino
1305 1982 1433 2025 capitali
1450 1982 1536 2014 feodi
1552 1982 1638 2015 illius

171 2061 273 2082 unum
307 2052 428 2082 sertum
459 2060 602 2081 rosarum
637 2050 679 2081 ad
713 2049 831 2083 festum
863 2051 1042 2083 nativitatis
1073 2051 1159 2083 beati
1191 2050 1365 2083 JOHANNIS
1390 2051 1557 2082 mmm
1580 2062 1638 2093 pro

173 2117 321 2150 omnibus
351 2117 490 2149 serviciis
522 2117 715 2150 secularibus
752 2118 974 2151 exaceionibus
1011 2122 1042 2151 et
1080 2120 1248 2151 domandis
1285 2119 1325 2150 ad
1364 2120 1482 2151 (notam
1520 2122 1637 2151 terram

170 2185 398 2229 spectantibus.
455 2185 501 2218 Et
523 2196 584 2228 ego
607 2197 680 2218 vero
704 2186 789 2218 dieta
811 2186 936 2218 LEUKY
959 2190 990 2218 et
1013 2187 1144 2219 heredes
1166 2187 1229 2219 mei
1253 2199 1288 2219 ao
1309 2188 1462 2229 assignati
1482 2188 1638 2230 predictas

174 2255 280 2286 decem
297 2265 384 2286 acras
399 2256 482 2286 terre
498 2265 570 2286 cum
586 2254 791 2296 pertinenciis
807 2255 871 2287 suis
887 2255 967 2286 sicut
984 2256 1163 2297 predictum
1179 2258 1226 2287 est
1242 2258 1351 2288 contra
1370 2267 1479 2288 omnes
1494 2255 1638 2288 homines
