1820 2548
1550 156 1613 188 713

858 335 992 368 DCLV.

196 416 362 456 DAVID,
400 416 487 450 SON
526 416 585 449 OF
617 416 786 457 ROGER,
824 417 926 450 AND
957 417 1093 457 SIBIL,
1128 417 1397 450 DAUGHTER
1434 418 1493 450 OF
1523 418 1659 458 JOHN,

305 485 364 517 OF
394 484 662 524 LLANTWH',
691 484 877 517 GRANTS
908 485 1040 518 LAND
1072 485 1124 517 IN
1151 485 1408 519 LLANTWIT
1435 485 1492 518 ΤΟ
1524 486 1660 526 JOHN,

305 553 392 586 SON
430 553 490 586 OF
527 553 654 586 JOHN
691 553 779 586 SON
817 554 877 586 OF
914 554 1143 587 W1LLIAM.

692 635 796 679 [Ano.
822 636 997 674 CHARTmz,
1022 635 1168 678 24,268.]
1540 636 1616 668 SD.

242 716 352 749 Sciant
371 720 532 759 presentes
555 720 586 748 et
609 716 712 749 futuri
734 718 819 758 quod
842 728 902 759 ego
918 716 1035 748 Dum
1051 716 1136 748 filius
1158 716 1292 748 Rom-:m
1312 717 1351 748 de
1372 716 1540 748 LANDILT'
1557 721 1587 748 et
1604 728 1664 760 ego

198 785 337 818 SisslnrA
363 785 430 817 fflia
455 785 629 817 JOHANNIS
656 786 695 817 de
721 785 934 817 LANDEwaT
957 786 996 817 de
1019 797 1106 817 mero
1128 797 1282 817 consensu
1307 789 1415 818 nostro
1437 789 1468 818 et
1489 789 1664 828 spontanea

198 854 364 886 voluntate
375 858 483 886 nostra
499 854 646 886 dedimus
657 856 689 886 et
701 854 910 886 concessimus
921 858 953 886 et
968 854 1027 886 hac
1039 854 1178 896 presenti
1190 856 1277 886 carta
1288 857 1397 886 nostra
1408 855 1666 887 confirmavimus

202 922 224 954 J
227 933 359 954 OHANNI
376 922 442 954 filio
454 922 475 954 J
478 933 628 954 OHANNIS
644 922 703 954 filii
713 921 901 955 WILLELMI
918 923 957 954 de
972 921 1140 954 LANDILT'
1154 923 1233 954 duas
1249 934 1336 955 acras
1351 925 1382 954 et
1398 923 1567 955 dimidiam
1583 926 1665 956 terre

200 990 330 1023 arabilis
345 1002 417 1023 cum
438 991 643 1033 pertinenciis
661 991 726 1023 suis
742 991 781 1022 de
802 990 901 1022 libero
920 992 1103 1022 tenemento
1122 993 1229 1023 nostro
1253 992 1293 1022 de
1315 991 1528 1023 LANDELWIT
1548 992 1667 1024 seilicet

200 1071 263 1102 que
273 1059 382 1102 jacent
394 1059 544 1092 continue
559 1059 644 1091 inter
658 1062 776 1091 terram
789 1059 897 1091 Pmm
914 1059 1023 1091 fratris
1034 1059 1111 1091 dicti
1127 1059 1149 1091 J
1152 1070 1302 1091 ommms
1314 1072 1411 1102 quam
1424 1064 1510 1092 tenet
1524 1061 1563 1092 de
1576 1060 1667 1093 nobis

200 1128 235 1161 in
257 1131 348 1170 parte
371 1128 503 1160 australi
526 1131 557 1160 et
578 1131 696 1160 terram
717 1139 814 1170 quam
837 1127 959 1159 ELENA
981 1128 1020 1160 de
1040 1127 1253 1160 LANDELWIT
1269 1128 1373 1160 tenuit
1390 1129 1519 1161 nomine
1534 1129 1618 1161 dotis
1633 1129 1667 1161 in

199 1201 290 1240 parte
314 1197 429 1229 boriali
453 1208 589 1239 quarum
614 1208 716 1228 unum
740 1200 835 1239 caput
859 1197 963 1229 tendit
989 1208 1097 1229 versus
1121 1197 1277 1229 orientem
1304 1208 1398 1239 super
1425 1197 1560 1229 divisam
1583 1198 1668 1230 inter

199 1268 419 1298 tenementum
440 1268 584 1297 nostrum
606 1268 637 1297 et
659 1268 880 1297 tenementum
901 1265 1047 1297 RmARm
1069 1265 1128 1297 filii
1151 1265 1277 1297 'raom
1299 1265 1443 1297 ALBERD
1460 1269 1491 1297 et
1508 1266 1668 1308 reliquum

199 1337 296 1376 caput
320 1334 423 1366 tendit
449 1345 557 1366 versus
582 1334 776 1366 occidentem
803 1345 896 1376 super
921 1334 1062 1366 rivulum
1087 1334 1143 1376 qui
1166 1334 1329 1366 descendit
1360 1335 1399 1366 de
1427 1334 1667 1367 SNYPEDRILLE

200 1414 308 1435 versus
326 1403 451 1435 fontem
471 1403 511 1434 de
535 1404 753 1434 LANDELWH.
810 1401 1001 1435 Tenendum
1023 1408 1053 1434 et
1075 1402 1259 1435 habendum
1280 1403 1319 1434 de
1340 1402 1431 1434 nobis
1453 1406 1483 1434 et
1499 1403 1668 1436 heredibus

200 1472 317 1504 nostris
333 1471 418 1504 dicto
433 1471 455 1504 J
457 1482 590 1503 OHANNI
607 1474 637 1503 et
654 1471 823 1504 heredibus
839 1471 904 1504 suis
919 1471 969 1503 vel
989 1471 1159 1514 assignatis
1176 1471 1275 1504 libere
1299 1474 1329 1503 et
1352 1471 1458 1513 quiete
1476 1471 1557 1503 bene
1580 1475 1610 1504 et
1632 1472 1666 1504 in

201 1551 277 1582 pace
292 1540 365 1582 jure
381 1539 574 1571 hereditario
590 1539 824 1582 inperpetuum.
874 1540 1052 1572 Reddendo
1067 1540 1142 1572 inde
1159 1540 1327 1572 annuatim
1343 1539 1434 1572 nobis
1450 1543 1481 1572 et
1497 1540 1668 1573 heredibus

200 1608 315 1640 nostris
325 1608 428 1640 dictus
441 1608 463 1641 J
465 1619 623 1640 orn-umus
639 1611 670 1640 et
679 1608 812 1641 heredes
827 1609 876 1640 sui
891 1609 941 1640 vel
957 1609 1112 1651 assignati
1128 1609 1207 1641 duos
1218 1609 1365 1641 denan'os
1380 1609 1506 1652 argenti
1520 1609 1666 1642 videlicet

201 1676 241 1708 ad
258 1676 379 1708 Pascha
394 1688 495 1709 unum
513 1677 682 1709 denarium
704 1680 735 1709 et
754 1677 795 1709 ad
815 1677 934 1710 festum
953 1676 1062 1709 Sancti
1083 1677 1279 1709 Mlcfflfflms
1300 1689 1401 1710 unum
1425 1678 1592 1710 denarium
1609 1690 1665 1721 pro

201 1743 348 1776 omnibus
363 1745 501 1777 serviciis
515 1745 651 1787 querelis
666 1745 795 1777 auxiliis
810 1745 903 1777 sectis
918 1745 1137 1777 exactionibus
1152 1749 1183 1777 et
1205 1745 1397 1777 omnimodis
1412 1745 1664 1789 quibuscumque

200 1813 374 1844 (laniandis.
410 1812 568 1845 Dedimus
579 1814 676 1845 etiam
688 1817 721 1845 et
730 1814 939 1846 concessimus
948 1814 1033 1846 dicto
1045 1813 1067 1846 J
1069 1825 1202 1845 OHANNI
1210 1819 1240 1846 et
1250 1813 1421 1846 heredibus
1433 1814 1554 1846 suisvel
1564 1815 1662 1858 assig—

199 1881 285 1913 natis
300 1880 436 1912 marlam
451 1881 658 1914 sufficientem
673 1883 714 1914 de
723 1893 843 1925 magna
854 1883 990 1914 marlera
1005 1888 1113 1914 nostra
1124 1883 1165 1914 ad
1177 1883 1297 1914 dictam
1309 1885 1427 1914 terram
1439 1883 1661 1916 marliandam.

198 1949 261 1981 Pro
277 1949 335 1981 hac
351 1953 458 1981 autem
474 1952 582 1981 nostra
598 1950 769 1983 donatione
784 1954 816 1983 et
832 1951 1029 1983 concessione
1045 1953 1076 1983 et
1093 1954 1176 1983 carte
1193 1953 1299 1983 nostre
1316 1951 1556 1983 confirmatione
1572 1952 1662 1984 dedit

197 2017 289 2050 nobis
304 2018 408 2050 dictus
420 2017 441 2049 J
443 2028 600 2049 OHANNES
612 2018 646 2050 in
658 2019 789 2061 urgenti
801 2020 931 2062 negotio
943 2023 1050 2052 nostro
1063 2024 1095 2051 et
1107 2019 1268 2051 communi
1281 2019 1446 2051 voluntate
1458 2023 1566 2051 nostra
1581 2021 1662 2052 duas

197 2098 318 2119 marcas
329 2090 361 2118 et
371 2086 538 2118 dimidiam
549 2087 755 2129 premanibus
766 2088 800 2120 in
816 2087 1004 2131 ingressum.
1044 2088 1089 2120 Et
1099 2100 1156 2120 nos
1171 2088 1284 2120 DAvm
1295 2091 1326 2120 et
1337 2087 1475 2120 SminLA
1486 2091 1518 2120 et
1530 2088 1661 2122 heredes

196 2156 295 2187 nostri
311 2155 413 2187 dictas
428 2155 508 2186 duas
523 2166 610 2187 acras
630 2159 661 2187 et
677 2155 845 2188 dimidiam
861 2168 933 2189 cum
954 2157 1055 2190 marla
1072 2161 1103 2189 et
1125 2157 1196 2189 aliis
1213 2156 1416 2199 pertinentiis
1431 2157 1496 2189 suis
1514 2162 1549 2189 ut
1566 2168 1661 2200 supra

195 2224 318 2256 dictum
334 2227 381 2255 est
396 2223 480 2255 dicto
496 2223 518 2255 J
520 2234 652 2255 OHANNI
670 2227 701 2256 et
716 2223 886 2257 heredibus
907 2226 971 2257 suis
992 2225 1042 2257 vel
1065 2225 1235 2267 assignatis
1253 2228 1363 2256 contra
1384 2235 1494 2256 omnes
1516 2224 1662 2257 homines

345 2330 396 2355 4?
