1820 2548
1550 182 1612 212 893

776 336 1074 369 DCCLXXXIII.

193 418 477 455 QUIT-CLAIM
507 417 573 450 BY
602 417 767 457 AGNES,
796 417 922 450 WIFE
954 418 1013 450 OF
1041 417 1260 450 W'ILLIAM
1291 417 1655 458 OHAMBERLAIN,

301 487 361 519 OF
391 487 494 519 ΗΕΒ
524 485 791 518 HUSBAND’S
823 486 1008 519 GRANTS
1039 486 1093 519 IN
1130 486 1331 519 BRISTOL
1361 486 1418 519 TO
1450 486 1656 520 MARGAM

301 555 473 588 ABBEY.

731 598 905 641 [Minoia
929 598 1122 642 CHARTER]

234 680 408 712 Universis
430 679 572 712 Cnmsn
596 679 743 711 fidelibus
766 680 807 711 ad
830 690 908 721 quos
938 691 1066 722 presens
1093 679 1246 722 scriptum
1272 680 1475 722 pervenerint
1504 706 1510 711 .
1539 680 1657 712 AGNES

192 748 430 782 CAMBERLANA
446 748 582 780 salutem
597 751 741 780 eternam
756 748 791 780 in
806 747 956 780 Domino.

235 817 373 850 Noverit
396 816 587 848 universitas
617 819 721 848 vestra
745 817 830 858 quod
857 828 917 859 ego
944 828 1031 848 mera
1056 818 1087 848 et
1114 819 1288 858 spontanea
1312 817 1477 849 voluntate
1496 817 1603 849 remisi
1625 820 1657 849 et

191 886 337 928 quietum
354 885 489 917 clamavi
504 885 539 917 in
554 887 746 927 perpetuum
761 885 924 917 monachis
940 886 979 917 de
1000 884 1154 916 MARGAN
1170 887 1276 917 totum
1291 885 1345 928 jus
1360 888 1392 917 et
1408 885 1558 917 clamium
1574 886 1658 928 quod

193 953 295 986 habeo
322 953 374 986 vel
398 964 541 995 unquam
566 952 682 985 habere
706 955 815 995 potero
837 953 910 985 licet
942 953 1047 985 virum
1077 964 1185 985 meum
1216 953 1419 996 supervixero
1442 954 1477 985 in
1507 954 1599 986 terris
1629 957 1661 986 et

193 1021 441 1065 possessionibus
467 1033 546 1064 quas
572 1021 786 1054 WILLELMUS
813 1021 1068 1054 CAMBERLANUS
1093 1022 1142 1053 vir
1171 1033 1260 1054 meus
1291 1022 1330 1054 de
1359 1022 1460 1054 libero
1491 1023 1660 1065 maritagio

193 1102 264 1123 meo
287 1091 322 1122 in
344 1090 478 1122 liberam
500 1101 615 1132 puram
637 1093 670 1122 et
691 1093 878 1132 perpetuam
910 1090 1115 1122 elemosinam
1146 1090 1181 1122 in
1203 1090 1280 1122 villa
1303 1090 1486 1123 BmsroLm
1512 1117 1517 1123 .
1543 1091 1661 1123 eisdem

194 1159 374 1192 incartavit.
421 1159 466 1191 Et
490 1159 575 1201 quod
598 1159 684 1191 istud
707 1159 775 1190 sine
798 1159 871 1190 dolo
894 1162 926 1191 et
948 1160 1034 1190 malo
1056 1159 1188 1202 ingenio
1203 1159 1340 1191 fideliter
1355 1160 1470 1192 tenebo
1488 1186 1494 1191 .
1512 1160 1547 1192 in
1562 1171 1661 1192 manu

194 1228 304 1260 hatris
318 1227 341 1260 J
343 1238 493 1259 OHANNIS
508 1227 541 1259 la
556 1227 692 1260 WARRE
709 1227 837 1259 affidavi
853 1232 930 1258 tune
946 1227 1100 1259 cellerarii
1116 1228 1155 1259 de
1174 1227 1337 1260 MARGAN.
1385 1228 1431 1260 Et
1447 1239 1486 1259 ne
1509 1228 1661 1270 premissa

192 1297 313 1329 futuris
329 1296 525 1338 temporibus
540 1297 769 1328 devocarentur
785 1296 817 1327 in
835 1295 971 1328 dubium
996 1322 1001 1327 .
1026 1307 1156 1338 presens
1179 1297 1332 1339 scriptum
1355 1297 1455 1339 sigilli
1477 1297 1540 1329 mei
1563 1308 1658 1339 appo-

193 1365 308 1398 sitione
325 1364 479 1397 roboravi.
527 1364 604 1396 Hiis
619 1364 762 1397 testibus.

236 1433 440 1466 Entitled—‘
452 1433 660 1466 Confirmatio
675 1433 817 1475 Agnetis
833 1433 940 1465 uxoris
955 1433 1026 1475 ejus
1038 1433 1077 1465 de
1093 1433 1243 1475 predictis
1261 1432 1411 1476 [terris].’

487 1500 555 1523 John
567 1501 590 1523 la
602 1500 694 1526 warre,
705 1501 747 1523 the
758 1501 864 1524 cellares.
876 1502 973 1523 bufflme
986 1501 1067 1523 Abbot
1080 1502 1105 1523 of
1123 1501 1232 1529 Mai-gam
1245 1502 1269 1523 in
1285 1501 1348 1523 1237.

781 1668 1070 1701 DCOLXXXIV.

211 1749 575 1782 CONFIRMATION
620 1749 685 1782 BY
730 1749 828 1782 THE
874 1749 1000 1782 SAME
1047 1749 1210 1788 AGNES,
1250 1749 1306 1782 AS
1352 1748 1538 1788 WIDOW,
1577 1748 1634 1780 ΤΟ

788 1818 886 1850 THE
925 1818 1060 1850 SAME.

730 1898 904 1941 [MARGAM
928 1898 1121 1942 emmam]

233 1980 343 2013 Sciant
360 1991 390 2022 p.
407 1983 438 2012 et
456 1979 478 2011 f.
496 1980 581 2022 quod
597 1991 656 2022 ego
679 1979 798 2011 onns
822 1978 1027 2011 OAMERARIA
1051 1980 1084 2011 in
1108 1980 1235 2022 propria
1259 1979 1414 2011 viduitate
1433 1990 1503 2011 mea
1519 1980 1653 2011 concessi

188 2059 246 2091 pro
269 2047 370 2080 salute
395 2048 500 2079 anime
523 2059 592 2079 mee
614 2051 646 2079 et
669 2048 791 2079 domini
815 2048 878 2080 mei
901 2052 932 2079 et
955 2049 1094 2090 presenti
1117 2053 1203 2080 carta
1225 2047 1410 2080 confirmavi
1429 2047 1500 2079 Deo
1515 2050 1547 2079 et
1562 2047 1653 2080 beate

187 2115 308 2148 Minna
324 2116 363 2147 de
378 2115 530 2147 Monam
546 2118 578 2147 et
593 2116 756 2148 monachis
772 2116 891 2148 ibidem
907 2116 976 2148 Deo
989 2116 1202 2148 servientibus
1218 2142 1225 2148 .
1242 2117 1276 2148 in
1292 2127 1405 2158 puram
1421 2118 1452 2148 et
1468 2119 1653 2158 perpetuam

189 2183 396 2216 elemosinam
413 2208 419 2215 .
438 2186 538 2215 totam
554 2183 760 2216 donacionem
777 2187 809 2215 et
825 2185 1043 2216 vendicionem
1059 2196 1156 2226 quam
1171 2184 1320 2217 dominus
1336 2195 1425 2215 meus
1441 2183 1654 2215 WILLELMUS

189 2251 414 2284 effluimus
429 2251 474 2283 eis
489 2251 608 2284 fecerat
622 2252 656 2284 in
673 2253 750 2284 villa
765 2252 945 2285 Bmsrom
964 2278 971 2284 .
988 2253 1136 2285 videlicet
1159 2264 1256 2285 unam
1280 2252 1400 2284 seldam
1423 2252 1457 2283 in
1480 2251 1654 2283 aurifnbria
