1820 2548
1549 207 1632 238 1173

847 355 1030 388 DCCCCL.

208 431 360 465 FINAL
393 430 609 464 CONCORD
641 429 890 463 WHEREBY
916 430 1137 463 WILLIAM
1178 430 1241 462 LA
1282 430 1509 469 ZOUSGHE,
1552 430 1679 463 LORD

321 494 380 526 OF
422 492 721 526 GLAMORGAN
761 492 864 525 AND
909 492 1224 532 MORGANNOK,
1269 492 1371 525 AND
1416 492 1678 531 ALIANORA,

317 555 400 588 HIS
432 555 571 595 WIFE,
602 554 847 588 WARRANT
878 555 935 587 TO
972 555 1070 587 THE
1112 555 1269 587 ABBOT
1311 555 1412 587 AND
1455 554 1678 588 OONVEN'P

320 618 380 650 OF
421 617 629 650 MARGAM
674 617 774 650 THE
815 617 1083 650 ADVOWSON
1127 617 1186 650 OF
1230 617 1330 650 THE
1376 616 1577 650 OHUROH
1623 618 1682 649 OF

320 680 382 713 ST.
416 680 573 720 OUNIT,
600 679 663 712 AT
693 679 996 712 LANGUNITH.

746 748 920 791 [MARGAM
953 748 1146 791 CHARTER]

275 818 427 850 Moxnn
451 828 580 849 marom:
603 817 655 849 ST.
681 817 906 849 MARGARET’S
929 817 1016 849 Dm.
1064 818 1104 849 20
1124 817 1147 850 J
1150 828 1226 849 ULY.
1274 818 1293 849 5
1310 817 1406 849 Enw.
1424 816 1493 849 III.
1542 817 1636 848 1:531.

257 893 330 926 Hec
361 898 409 925 est
434 893 540 925 finalis
564 893 731 924 concordia
758 892 844 924 facta
868 892 902 924 in
929 892 1082 924 comitatu
1109 892 1231 924 domini
1257 892 1444 924 W1LLE12MI
1472 892 1503 923 la
1528 892 1683 924 Zonscfflz

212 963 335 995 domini
357 962 631 994 GLAMORGANCIE
648 963 680 993 et
695 961 929 993 MORGANXOK’
946 964 1037 993 tenta
1053 962 1139 1003 apud
1154 961 1324 993 KAERDYF
1341 961 1393 992 die
1417 960 1512 993 Lune
1537 961 1683 1003 proxima

213 1034 289 1063 ante
319 1031 438 1063 festum
469 1030 586 1062 Sancte
616 1030 835 1062 MARGARETE
865 1030 1000 1072 virginis
1031 1041 1115 1062 anno
1146 1030 1238 1072 regni
1269 1029 1370 1072 Regis
1399 1029 1569 1061 EDWARDI
1595 1030 1684 1061 tercii

212 1102 284 1142 post
299 1101 509 1141 conquestum
525 1099 638 1141 quinto
663 1124 669 1130 .
696 1098 811 1131 Coram
831 1098 985 1130 Hownm
1001 1110 1041 1140 ap
1061 1098 1195 1130 HOWEL
1210 1098 1394 1131 vicecomite
1411 1097 1685 1131 GLAMORGANCIE

214 1172 247 1202 et
262 1168 487 1201 MORGANNOK
503 1171 535 1199 et
551 1168 622 1199 aliis
637 1167 715 1199 dicti
731 1167 854 1199 domini
870 1167 1058 1200 WlLLELMI
1075 1167 1222 1200 fidelibus
1238 1171 1315 1199 tunc
1328 1167 1449 1199 ibidem
1460 1167 1660 1210 presentibus
1678 1193 1684 1199 .

212 1237 298 1270 inter
327 1237 477 1269 abbatem
504 1236 632 1268 ecclesie
656 1235 748 1268 beate
778 1235 898 1267 Minna
929 1237 968 1267 de
993 1236 1147 1268 MARGAN
1173 1240 1205 1268 et
1231 1236 1377 1278 ejusdem
1402 1236 1463 1268 loci
1489 1240 1683 1268 conventum

213 1309 382 1348 querentes
398 1308 431 1338 et
446 1305 674 1337 Wmmmmm
689 1305 721 1336 la
737 1305 893 1336 Zouscxffl
911 1308 941 1336 et
965 1305 1175 1336 Ammonm
1199 1316 1332 1336 uxorem
1356 1305 1427 1347 ejus
1448 1305 1659 1346 impedientes
1676 1331 1682 1336 .

213 1375 253 1406 de
268 1385 334 1406 una
350 1385 422 1406 acra
436 1376 520 1406 terre
537 1376 568 1405 et
584 1373 794 1405 advocacione
810 1373 937 1405 ecclesie
959 1373 998 1404 de
1022 1372 1132 1404 Sancti
1151 1372 1275 1405 anm
1300 1374 1339 1405 de
1363 1372 1584 1404 LANGUNYTH
1610 1384 1682 1405 cum

212 1442 417 1485 pertinenciis
446 1442 480 1473 in
508 1442 619 1474 eadem
650 1442 727 1473 villa
757 1442 842 1473 unde
873 1442 1028 1483 placitum
1058 1442 1211 1473 warantie
1241 1444 1326 1473 carte
1358 1442 1589 1473 summonitum
1621 1442 1683 1473 fuit

214 1511 299 1543 inter
325 1522 377 1543 eos
404 1511 437 1542 in
465 1511 576 1542 eodem
604 1511 759 1542 comitatu
785 1510 903 1542 scilicet
928 1511 1014 1552 quod
1040 1510 1175 1552 predicti
1202 1510 1418 1543 Wnimmms
1445 1514 1475 1542 et
1501 1512 1684 1542 Ammoni

214 1582 469 1622 recognoverunt
499 1579 673 1620 predictam
706 1590 811 1610 acram
839 1582 921 1610 terre
952 1590 1024 1610 cum
1052 1579 1258 1611 advocatione
1288 1579 1416 1611 ecclesie
1447 1579 1586 1621 predicte
1611 1591 1683 1611 cum

215 1649 421 1692 pertinenciis
436 1659 502 1680 esse
518 1648 571 1690 jus
586 1648 727 1690 ipsorum
743 1648 868 1680 abbatis
883 1652 914 1680 et
931 1651 1107 1680 conventus
1129 1651 1162 1680 et
1181 1649 1307 1681 ecclesie
1326 1649 1500 1681 eorundem
1521 1648 1682 1680 antedicte

214 1723 252 1750 ut
273 1718 330 1749 illa
353 1729 414 1760 que
440 1718 539 1749 iidem
562 1716 659 1749 abbas
684 1720 715 1748 et
738 1720 912 1749 conventus
933 1717 1052 1749 habent
1078 1717 1116 1749 de
1140 1718 1224 1749 dono
1250 1718 1466 1759 predictorum
1493 1717 1683 1749 Warnmss

215 1792 248 1819 et
263 1787 455 1819 Ammona
503 1786 547 1818 Et
564 1787 620 1818 illa
635 1786 825 1818 remiserunt
842 1789 873 1817 et
889 1786 1034 1828 quietum
1051 1786 1267 1817 clamaverunt
1285 1787 1324 1818 de
1340 1798 1372 1818 se
1388 1788 1420 1818 et
1435 1785 1605 1818 heredibus
1618 1786 1683 1817 suis

216 1856 366 1898 predictis
382 1855 489 1888 abbati
506 1859 537 1887 et
551 1855 721 1887 conventui
733 1857 764 1886 et
781 1866 891 1886 eorum
904 1854 1132 1887 successoribus
1144 1858 1176 1886 et
1192 1855 1318 1887 ecclesie
1334 1855 1508 1886 eorundem
1523 1855 1683 1886 antedicto

216 1925 462 1967 imperpetuum.
509 1923 555 1955 Et
567 1923 701 1965 predicti
718 1923 933 1955 W1L11ELML'S
949 1926 981 1954 et
996 1923 1177 1954 ΑΙᾸΑΝΟΒΑ
1193 1926 1225 1955 et
1240 1923 1372 1955 heredes
1387 1923 1486 1965 ipsius
1501 1922 1683 1954 Ama-mm

215 1993 335 2025 dictam
351 2004 456 2024 acram
473 1995 555 2024 terre
571 2003 643 2023 cum
663 1992 870 2023 advocatione
893 1991 1021 2023 ecclesie
1047 1991 1188 2033 predicte
1211 2003 1284 2023 cum
1306 1992 1511 2033 pertinenciis
1533 1991 1682 2033 predictis

215 2061 324 2094 abbati
340 2064 372 2093 et
388 2060 559 2093 conventui
582 2063 613 2092 et
635 2071 743 2092 eorum
771 2060 1000 2092 successoribus
1022 2064 1133 2092 contra
1156 2071 1265 2092 omnes
1289 2063 1402 2103 gentes
1429 2059 1681 2092 warantizabunt

215 2130 462 2172 imperpetuum.
510 2128 554 2160 Et
570 2140 626 2170 pro
643 2128 701 2159 hac
717 2128 936 2171 recognicione
951 2128 1135 2160 remissione
1151 2129 1297 2170 quietum
1313 2129 1504 2161 clamacione
1527 2128 1679 2159 warantia

216 2198 280 2230 fine
310 2200 343 2230 et
376 2197 542 2229 eoncordia
563 2197 661 2228 iidem
687 2196 785 2229 abbas
809 2200 841 2229 et
868 2201 1043 2229 conventus
1069 2197 1227 2228 dederunt
1253 2197 1402 2238 predictis
1430 2196 1624 2228 Wimmaeuo
1651 2200 1681 2228 et

218 2267 400 2298 ALIANORE
417 2277 519 2297 unum
535 2265 752 2307 esperuarium
768 2276 883 2297 sorum.

261 2335 353 2367 Deed
368 2334 522 2366 indented
539 2345 580 2366 on
596 2336 652 2376 top
668 2334 732 2366 and
748 2333 940 2376 right-hand
956 2334 1032 2366 side.
