1820 2548
1552 214 1635 245 1057

776 507 1116 540 DCCOLXXXVII.

274 602 558 638 QUIT-cmffl
589 602 654 634 BY
684 601 824 634 ADAM
855 601 1019 634 OANAN
1049 602 1151 634 AND
1187 601 1374 634 OTHERS
1405 601 1462 634 ΤΟ
1494 601 1621 635 JOHN

387 671 525 710 VOYL,
557 671 616 703 OF
646 670 779 703 LAND
810 670 865 702 IN
896 669 996 702 THE
1027 670 1119 702 FEE
1151 670 1210 703 OF
1241 670 1507 702 LANDIMOR..

806 745 972 787 [FRANeis
1002 745 1092 788 MS]

1066 827 1105 858 18
1131 826 1207 858 ΟοΤ.
1256 826 1295 857 12
1323 826 1419 858 EDw.
1445 825 1493 858 II.
1542 826 1636 858 1318.

258 907 373 939 Pateat
395 907 551 939 universis
570 918 627 949 per
649 909 810 949 presentes
833 907 919 948 quod
942 917 1000 939 nos
1022 907 1129 939 ADAM
1153 906 1274 938 GANAN
1301 933 1306 938 .
1332 906 1512 938 ROBERTUS
1535 906 1656 938 CANAN
1674 933 1680 939 .

214 976 236 1009 J
238 986 396 1008 OHANNES
417 975 537 1007 GANAN
558 1001 564 1006 .
582 978 614 1007 et
637 975 762 1006 DAVYD
787 974 872 1006 Coc:
894 975 1075 1007 remisimus
1096 975 1310 1007 relaxavimus
1325 978 1357 1007 et
1373 975 1504 1007 omnino
1519 987 1576 1017 pro
1592 975 1684 1008 nobis

215 1046 247 1076 et
276 1043 446 1076 heredibus
476 1043 592 1076 nostris
629 1043 866 1086 imperpetuum
899 1044 1045 1085 quietum
1083 1044 1291 1075 clamavimus
1327 1044 1350 1076 J
1352 1055 1485 1076 OHANNI
1517 1043 1614 1076 Vox-1,
1651 1047 1683 1077 et

213 1111 383 1144 heredibus
403 1111 467 1144 suis
490 1122 525 1143 ae
548 1111 718 1153 assignatis
740 1113 845 1143 totum
868 1111 922 1154 jus
945 1114 1090 1144 nostrum
1113 1115 1145 1144 et
1168 1112 1321 1144 elamium
1346 1113 1431 1154 quod
1453 1112 1608 1145 habemus
1627 1113 1679 1144 vel

213 1180 384 1212 habuimus
407 1191 462 1212 seu
478 1180 540 1211 alio
555 1180 650 1212 modo
665 1179 782 1212 habere
803 1181 967 1222 potuimus
988 1181 1038 1212 vel
1061 1181 1236 1222 poterimus
1258 1180 1293 1212 in
1317 1186 1386 1212 octo
1407 1181 1487 1212 acris
1508 1184 1590 1213 terre
1611 1193 1684 1213 cum

214 1249 417 1292 pertinentiis
437 1249 471 1280 in
495 1248 589 1280 feodo
610 1249 649 1280 de
673 1248 862 1280 LANDIMOR
883 1260 962 1291 quas
983 1249 1069 1281 idem
1086 1249 1108 1282 J
1111 1260 1269 1281 OHANNES
1284 1249 1399 1281 habuit
1414 1250 1453 1281 de
1469 1250 1553 1282 dono
1568 1250 1685 1282 nobilis

213 1317 273 1349 viri
294 1317 416 1349 domini
432 1316 620 1349 WILLELMI
640 1317 679 1348 de
699 1316 857 1348 Bnawos'
874 1317 995 1349 domini
1013 1317 1198 1349 GOUHEROE
1214 1320 1246 1349 et
1262 1329 1341 1359 quas
1356 1317 1546 1350 Pfflmpus
1567 1317 1684 1350 CNAYr

216 1385 306 1417 faber
332 1386 494 1427 quondam
522 1385 627 1416 tenuit
653 1385 748 1427 juxta
775 1397 893 1428 aquam
920 1387 959 1417 de
985 1386 1105 1418 BORRY
1135 1386 1169 1417 in
1201 1388 1290 1427 parte
1318 1386 1450 1418 australi
1474 1386 1592 1428 absque
1615 1387 1682 1419 ullo

213 1456 440 1486 retenemento.
488 1453 540 1485 Ita
564 1454 712 1485 videlieet
736 1455 822 1496 quod
847 1465 904 1486 nee
926 1465 984 1486 nos
1006 1455 1084 1486 dieti
1107 1454 1213 1486 Anffl
1238 1454 1420 1486 ROBERTUS
1441 1455 1463 1487 J
1466 1466 1625 1487 OHANNES
1648 1458 1680 1487 et

215 1522 340 1554 DAVYD
364 1533 421 1554 neo
445 1522 575 1554 heredes
593 1522 693 1554 nostri
712 1534 769 1554 neo
793 1522 908 1565 aliquis
928 1534 985 1565 per
1005 1534 1062 1554 nos
1084 1523 1135 1554 vel
1151 1534 1208 1564 pro
1230 1523 1322 1554 nobis
1343 1535 1398 1555 seu
1419 1524 1548 1555 nomine
1573 1526 1681 1555 nostro

213 1591 336 1633 aliquid
363 1590 444 1632 juris
470 1591 521 1622 vel
558 1591 664 1622 elamii
690 1591 724 1622 in
750 1591 900 1633 predictis
922 1591 1014 1623 terris
1045 1603 1118 1622 cum
1149 1591 1351 1633 pertinentiis
1381 1593 1524 1623 ‹leoetero
1556 1592 1683 1635 exigere

212 1659 262 1691 vel
279 1659 414 1691 clamare
430 1670 484 1690 seu
508 1659 675 1690 vendicare
697 1658 848 1691 debemus
870 1662 925 1691 aut
942 1660 1116 1702 poterimus
1132 1660 1371 1702 imperpetuum
1387 1663 1434 1692 set
1450 1672 1505 1702 per
1521 1663 1682 1702 presentes

214 1729 255 1761 ab
292 1728 379 1759 omni
417 1727 541 1759 actione
578 1730 610 1758 et
648 1727 807 1758 demanda
844 1727 942 1759 simus
991 1728 1110 1759 exclusi
1147 1728 1392 1770 imperpetuum.
1439 1728 1481 1760 In
1519 1728 1608 1769 cujus
1637 1729 1683 1761 rei

210 1797 430 1829 testimonium
474 1795 674 1838 presentibus
712 1795 819 1838 sigilla
856 1798 966 1828 nostra
1000 1796 1214 1838 apposuimus.
1274 1796 1351 1828 Hiis
1375 1797 1509 1829 testibus
1527 1823 1532 1828 .
1551 1798 1681 1829 domino

213 1865 373 1898 Rossmzro
389 1865 428 1895 de
444 1864 581 1895 PExmas
596 1863 698 1895 milite
724 1889 730 1895 .
755 1863 843 1895 Emi
859 1864 889 1896 le
906 1864 1047 1896 Ronm-
1074 1864 1185 1897 clerieo
1203 1890 1209 1896 .
1229 1865 1424 1897 Wmmmm
1440 1866 1480 1897 de
1498 1866 1530 1897 la
1550 1865 1654 1897 Mum
1673 1891 1679 1897 .

212 1934 290 1966 Am
315 1934 354 1965 de
378 1933 410 1964 la
433 1932 566 1964 Bmm’.
591 1932 757 1965 JOHANNE
781 1933 820 1964 de
841 1932 872 1964 la
896 1932 1002 1964 MARE
1028 1959 1034 1964 .
1060 1933 1221 1965 HEcho
1243 1934 1369 1965 Divvn
1392 1935 1431 1966 de
1452 1934 1647 1966 LANmMOR
1673 1961 1678 1966 .

212 2003 376 2036 JOHANNE
400 2001 541 2033 Memno
565 2027 571 2032 .
596 2004 628 2032 et
651 2000 732 2033 aliis.

256 2071 380 2103 Datum
403 2071 489 2112 apud
514 2069 635 2103 WELB’
660 2072 770 2102 octavo
793 2070 915 2102 decimo
939 2070 991 2103 die
1011 2070 1157 2103 Octobris
1179 2082 1264 2103 anuo
1284 2072 1376 2114 regni
1393 2072 1493 2114 Regis
1509 2071 1678 2104 Enwnzm

213 2140 271 2172 filii
287 2139 409 2171 domini
425 2139 595 2170 Ena-inm
612 2138 809 2170 duodecimo.

365 2390 421 2415 611
