1820 2548
1490 175 1573 206 1009

776 444 986 478 DOCCLVI.

155 510 317 544 ΕΒΑ-ΝΤ
342 511 407 544 BY
432 512 606 545 AMICIA
629 512 693 544 DE
720 512 1049 545 NEWELESTAR
1075 513 1132 546 ΤΟ
1171 512 1365 545 THOMAS
1393 511 1618 544 CLEMENT

207 579 266 612 OF
303 580 336 612 A
373 580 636 614 TENEMENT
674 581 730 613 IN
768 581 1214 614 HOUNDEMANNEBY
1251 581 1306 614 IN
1344 580 1561 613 CARDIFF.

690 662 864 705 [MARGAM
888 663 1080 706 ommam]

478 743 617 776 smum(
640 755 749 776 AFTER
772 744 824 776 ST.
849 744 966 776 Pmmz
988 756 1032 776 AD
1056 744 1223 777 VmanA.
1270 744 1339 775 2Nn
1362 743 1453 775 Am.
1481 743 1574 774 1310.

197 824 366 856 Universis
389 824 530 857 Cmusn
554 825 701 857 fidelibus
723 837 852 868 presens
868 827 1021 868 seriptum
1038 825 1151 857 visin-is
1167 825 1217 857 vel
1240 825 1399 856 audituris
1415 835 1474 866 ego
1489 824 1620 855 Anum

153 893 183 925 le
199 893 436 925 NEWELESTAR
452 895 491 925 de
507 893 715 926 COUBRUGGE
732 895 867 926 salutem
884 894 918 926 in
934 894 1075 926 Domino
1091 894 1326 935 sempiternam.

197 961 333 993 Noverit
360 962 550 994 universitas
581 966 684 994 vestra
710 974 761 994 me
791 963 825 994 in
856 963 936 1005 ligia
966 965 1123 1004 potestate
1150 973 1221 994 mea
1247 962 1403 993 remisisse
1431 964 1462 992 et
1493 961 1621 1003 penitus

153 1030 296 1072 quietum
320 1031 470 1062 clamasse
494 1030 619 1062 ΤΗΟΜΕ
643 1030 808 1062 CLEMENT
831 1034 862 1062 et
884 1030 1055 1063 heredibus
1078 1031 1143 1062 suis
1166 1033 1198 1062 et
1215 1030 1385 1072 assignatis
1400 1032 1505 1061 totum
1522 1030 1575 1071 jus
1591 1031 1621 1061 et

154 1099 305 1131 clamium
320 1100 406 1141 quod
420 1099 519 1131 habui
533 1099 635 1132 habeo
651 1100 701 1132 vel
716 1100 823 1141 aliquo
839 1100 911 1142 jure
927 1100 1043 1131 habere
1059 1102 1168 1141 potero
1185 1099 1219 1130 in
1235 1099 1374 1141 quodam
1390 1100 1573 1130 tenemento
1588 1098 1622 1129 in

155 1167 474 1199 HOUNDEMANNEBY
493 1168 527 1199 in
544 1168 621 1200 villa
641 1169 681 1200 de
704 1167 866 1200 KAERmF
891 1169 977 1210 quod
999 1168 1084 1211 jacet
1108 1168 1192 1199 inter
1217 1170 1437 1199 tenementum
1461 1167 1623 1208 quondam

154 1235 325 1268 Nmnomi
342 1236 372 1268 le
387 1236 560 1268 MAchAL
575 1237 610 1268 in
625 1239 716 1278 parte
732 1236 847 1269 boriali
863 1240 895 1268 et
911 1239 1132 1269 tenementum
1148 1236 1312 1278 quondam
1325 1235 1472 1267 Rae-mm
1489 1234 1572 1266 MEY
1587 1234 1622 1266 in

153 1308 243 1346 parte
255 1305 395 1336 australi.
435 1304 481 1336 Et
493 1305 638 1336 extendit
654 1317 685 1337 se
702 1305 736 1337 in
752 1306 957 1347 longitudine
973 1316 992 1336 a
1007 1308 1191 1337 tenemento
1207 1305 1369 1346 quondam
1387 1330 1392 1335 .
1413 1330 1419 1335 .
1439 1330 1444 1335 .
1464 1314 1622 1335 LLMFRAY

154 1385 192 1404 ex
208 1377 298 1415 parte
314 1373 503 1405 occidentali
519 1384 618 1414 usque
633 1374 675 1405 ad
690 1374 776 1405 viam
791 1374 933 1416 regalem
950 1374 983 1405 in
994 1376 1084 1416 parte
1096 1373 1251 1405 orientali.
1298 1372 1352 1404 Ita
1365 1373 1450 1414 quod
1463 1384 1522 1414 ego
1538 1373 1623 1404 dicta

152 1442 282 1473 AMICIA
305 1453 363 1473 nee
385 1442 500 1483 aliquis
522 1442 666 1473 mortalis
688 1443 818 1474 nomine
841 1453 911 1473 meo
934 1442 1057 1483 aliquid
1081 1442 1162 1484 juris
1185 1441 1236 1473 vel
1259 1441 1366 1473 elamii
1382 1442 1416 1472 in
1432 1441 1517 1472 dieto
1533 1443 1620 1473 tene-

152 1515 260 1542 mento
276 1511 315 1541 de
331 1513 433 1542 cetero
448 1510 622 1552 poterimus
638 1510 766 1553 exigere
782 1511 832 1542 vel
848 1511 1016 1543 vendicare
1032 1511 1066 1542 in
1084 1514 1282 1552 perpetuum.
1330 1510 1375 1541 Et
1398 1521 1458 1551 ego
1478 1509 1621 1551 predicta

152 1578 283 1611 Amen
299 1583 330 1609 et
346 1578 476 1610 heredes
491 1579 554 1610 mei
570 1579 749 1620 predictum
765 1582 986 1611 tenementum
1007 1590 1079 1610 oum
1102 1578 1306 1621 pertinenciis
1328 1579 1471 1620 predicto
1494 1578 1620 1610 Tuom

151 1651 183 1680 et
208 1646 377 1679 heredibus
404 1647 469 1678 suis
495 1650 603 1679 eontra
630 1659 739 1680 omnes
769 1648 919 1680 mortales
943 1647 1230 1679 warantizabimus.
1278 1646 1320 1678 In
1347 1647 1397 1688 cuj
1403 1658 1439 1678 us
1460 1647 1505 1678 rei
1530 1646 1618 1678 testi-

150 1716 294 1748 monium
317 1715 391 1747 huic
414 1715 552 1756 presenti
575 1716 690 1757 scripto
713 1716 857 1758 sigillum
880 1727 987 1748 meum
1008 1715 1150 1757 apposui.
1191 1715 1268 1746 Hiis
1289 1715 1423 1746 testibus
1441 1741 1446 1746 .
1465 1715 1619 1747 Rmmno

152 1785 242 1816 Ems
259 1809 266 1816 .
283 1783 405 1815 ΤΗΟΜΑ
426 1784 544 1815 LoNGo
561 1808 567 1814 .
585 1783 687 1816 JOSEP
704 1784 830 1815 Mum
848 1810 853 1816 .
873 1784 1014 1816 Romano
1029 1784 1058 1816 le
1082 1783 1251 1815 PEROLET'
1270 1809 1276 1815 .
1297 1783 1462 1815 JOHANNE
1486 1782 1583 1814 ODYN
1611 1808 1615 1814 .

151 1853 352 1885 LAL'RENCIO
369 1852 530 1883 aurifabro
548 1878 554 1883 .
572 1851 752 1884 Nxcflomo
768 1853 807 1884 de
823 1853 927 1884 Mon
945 1878 950 1883 .
969 1858 1001 1884 et
1016 1853 1127 1884 multis
1143 1852 1223 1884 aliis.

194 1921 318 1953 Datum
341 1921 427 1962 apud
450 1919 619 1951 KAERDYF
642 1920 693 1952 die
716 1920 887 1953 Dominioa
910 1922 1055 1963 proxima
1078 1924 1149 1963 post
1171 1921 1291 1953 festum
1313 1920 1421 1952 Sancti
1447 1920 1553 1952 Pn'riu
1579 1922 1620 1953 ad

151 1989 288 2029 vincula,
305 2000 390 2020 anno
402 1988 536 2020 Domini
552 1989 720 2021 millesimo
735 1990 955 2022 trecentesimo
972 1990 1103 2022 decimo.

194 2058 267 2090 Sea}
282 2058 395 2097 round,
406 2058 439 2089 in
456 2058 536 2089 dark
551 2069 648 2100 green
664 2069 745 2097 wax,
758 2058 821 2090 lin.
834 2059 930 2090 diam.
975 2060 1029 2090 An
1045 2058 1245 2090 oruamental
1257 2058 1364 2090 flower
1375 2058 1409 2090 of
1424 2058 1497 2090 four
1508 2058 1618 2100 petals.

663 2126 707 2157 ‘s’
732 2137 850 2159 Amen:
874 2138 916 2158 LE
940 2127 1148 2159 NlVLES'rAR.'

304 2352 355 2377 63
