1820 2548
1544 181 1607 212 907

820 337 1015 370 DCCXGV.

181 414 415 447 FURTHER
451 413 579 447 WRIT
612 412 670 445 ΤΟ
708 412 917 445 GILBERT
951 412 1015 445 DE
1048 411 1213 451 OLARE,
1249 411 1379 444 EARL
1416 411 1476 443 OF
1508 410 1650 443 GLOU-

290 476 469 509 OESTER
512 475 614 508 AND
660 474 933 514 HERTFORD,
978 473 1301 507 ANNOUNGJNG
1345 473 1445 506 THE
1491 472 1653 505 ROYAL

291 537 656 571 CONFIRMATION
691 537 750 569 OF
782 537 880 569 THE
916 535 1260 569 AROHBISHOP’S
1297 535 1651 574 APPOINTMENT,

289 601 391 633 AND
429 599 757 633 COMMANDING
792 599 1071 631 MMEDLATE
1109 597 1432 631 RESTITUTION
1463 597 1522 630 OF
1553 597 1652 630 THE

290 661 675 695 TEMPORALITIES
705 661 763 694 ΤΟ
795 661 894 693 ΤΗΕ
925 661 1037 694 NEW
1068 660 1251 694 BISHOP.

305 731 404 775 [Ror.
430 731 560 770 Omns„
584 731 627 762 23
652 731 748 763 Enw.
773 730 814 770 I.,
838 741 874 762 M.
900 732 919 762 6
943 741 1064 770 nonso3
1092 730 1131 762 B.
1158 729 1302 769 W1LL1s,
1325 729 1464 761 Scnvsr
1488 739 1528 760 012·

735 798 934 838 annasr,
958 810 989 841 p.
1016 799 1103 840 144]

1057 868 1099 899 24
1122 867 1212 899 AUG.
1260 867 1302 898 23
1319 866 1412 898 Enw.
1436 865 1465 898 I.
1514 866 1608 897 1295.

226 937 298 970 Rex
329 937 446 969 dilecto
476 940 510 969 et
537 937 627 969 fideli
668 948 724 969 suo
765 936 940 968 GILBERTO
973 937 1013 968 de
1043 935 1170 976 Omns,
1200 935 1309 968 comiti
1341 934 1585 967 (immensum
1622 936 1654 966 et

183 1005 431 1045 HERTFORDIAE,
448 1005 594 1038 salutem.

226 1074 310 1107 Cum
324 1086 428 1117 nuper
443 1085 552 1106 versus
567 1085 623 1107 vos
643 1074 838 1117 erigeremus
859 1076 891 1106 et
905 1073 1145 1105 vendicaremus
1164 1073 1405 1105 advocationem
1425 1074 1457 1103 et
1480 1071 1656 1103 custodiam

181 1143 381 1186 episcopatus
402 1142 641 1175 LANDAVENSIS
663 1154 736 1175 cum
758 1142 970 1186 pertinentiis,
995 1154 1060 1174 una
1081 1154 1154 1174 cum
1178 1141 1402 1174 collationibus
1420 1139 1656 1183 prebendarum

181 1214 214 1245 et
243 1212 443 1255 dignitatum
473 1211 673 1254 episcopatus
696 1211 831 1254 predicti
855 1214 998 1254 tempore
1028 1210 1203 1243 vacationis
1222 1210 1387 1253 ejusdem:
1420 1220 1456 1241 ac
1486 1220 1541 1241 vos
1571 1211 1655 1251 post-

180 1281 313 1313 modum
336 1280 371 1312 id
396 1280 481 1322 quod
508 1280 549 1312 ad
573 1291 629 1312 vos
655 1280 812 1322 pertinuit
837 1280 878 1312 de
908 1279 1115 1311 advocatione
1140 1282 1171 1311 et
1202 1278 1346 1311 custodia
1376 1281 1407 1310 et
1433 1276 1656 1309 collationibus

180 1349 331 1393 predictis
346 1349 439 1381 nobis
461 1348 664 1381 reddideritis
686 1360 744 1391 per
766 1351 886 1381 vestras
908 1350 1055 1390 patentes
1076 1348 1193 1387 literas,
1217 1350 1255 1379 ut
1272 1347 1327 1389 jus
1349 1348 1504 1385 nostr-mn,
1528 1357 1586 1378 nos
1601 1345 1657 1388 qui

181 1418 385 1461 postmodum
401 1416 491 1449 vobis
506 1428 542 1449 ac
553 1416 747 1449 charissimae
762 1416 838 1449 filiae
850 1418 968 1449 nostrae
984 1415 1006 1449 J
1008 1427 1160 1448 OHANNAE
1171 1415 1309 1448 consorti
1321 1417 1434 1447 vestrae
1448 1414 1656 1446 concessimus

179 1487 356 1519 custodiam
380 1486 580 1528 episcopatus
602 1485 746 1528 predicti,
771 1496 896 1517 necnon
927 1485 1071 1517 omnium
1094 1487 1253 1517 terrarum
1275 1487 1308 1516 et
1331 1486 1590 1516 tenementorum
1613 1483 1655 1515 ad

179 1555 397 1598 episcopatum
421 1554 515 1586 illum
539 1554 573 1586 in
598 1553 741 1586 dominio
768 1557 800 1586 et
823 1554 918 1586 feodo
944 1556 1047 1586 vestro
1069 1553 1287 1593 existentium,
1308 1552 1491 1586 habendam
1511 1551 1601 1584 vobis
1621 1554 1654 1583 et

179 1624 284 1656 eidem
311 1623 386 1656 ffliae
412 1626 529 1655 nostrae
547 1624 589 1655 ad
608 1625 711 1655 totam
734 1623 835 1655 vitam
858 1625 996 1655 vestram
1019 1626 1162 1665 tempore
1185 1622 1360 1654 vacationis
1381 1621 1543 1663 praedietae
1567 1620 1654 1652 salva

180 1691 273 1725 nobis
301 1692 458 1724 fidelitate
485 1692 587 1731 electi,
615 1703 711 1734 quem
735 1691 769 1723 in
795 1691 941 1734 ejusdem
965 1691 1026 1723 loci
1053 1691 1236 1734 episcopum
1264 1690 1440 1733 contigeret
1461 1689 1650 1729 confirmari,

179 1763 274 1805 prout
298 1761 333 1793 in
353 1761 456 1793 literis
480 1760 596 1793 nostris
616 1760 802 1803 patentibus
825 1760 915 1793 vobis
933 1764 965 1793 et
986 1761 1080 1793 dictae
1105 1760 1242 1792 consorti
1264 1762 1377 1792 vestrae
1401 1759 1477 1790 inde
1498 1757 1652 1790 confectis

178 1829 305 1872 plenius
320 1829 520 1861 continetur:

223 1897 368 1940 Cumque
413 1896 604 1929 venerabilis
642 1897 739 1930 Pater
782 1897 822 1930 R.
869 1896 1144 1929 Cmrusmsuffls
1189 1896 1442 1938 archiepiscopus
1488 1895 1649 1937 praedictae

177 1967 315 2000 eoolesiae
351 1966 578 1998 LANnAszsr
616 1967 656 1999 de
688 1966 861 2000 venerabili
891 1967 959 1999 viro
989 1966 1144 2009 magistro
1175 1965 1340 1998 JoHANNE
1371 1965 1411 1996 de
1441 1964 1647 1996 Moxssmuru

178 2034 373 2068 authoritate
390 2034 563 2077 apostolica
578 2035 764 2077 providerit,
781 2037 813 2067 et
828 2035 933 2078 ipsum
949 2035 984 2067 in
1000 2035 1142 2077 ejusdem
1158 2034 1218 2066 loci
1233 2033 1403 2076 profecerit
1417 2033 1451 2065 in
1467 2032 1648 2075 episcopum

179 2106 212 2136 et
233 2106 403 2146 pastorem,
419 2103 500 2135 sicut
516 2114 572 2146 per
587 2102 696 2135 literas
716 2105 863 2147 patentes
886 2103 1031 2146 ejusdem
1054 2101 1279 2145 archiepiscopi
1302 2101 1394 2134 nobis
1417 2101 1492 2133 inde
1515 2101 1650 2134 directas

180 2170 272 2204 nobis
305 2173 439 2211 constat,
470 2181 527 2213 per
558 2171 644 2213 quod
679 2172 821 2214 cepimus
853 2171 1042 2204 fidelitatem
1080 2171 1179 2213 ipsius
1212 2170 1359 2213 magistri
1393 2172 1424 2201 et
1461 2169 1650 2212 temporalia

178 2239 378 2282 episcopatus
401 2238 536 2282 predicti
563 2239 597 2271 in
631 2250 731 2272 manu
762 2242 870 2272 nostra
905 2239 1085 2278 existentia,
1117 2241 1212 2282 prout
1236 2238 1333 2270 moris
1362 2240 1421 2277 est,
1451 2237 1649 2270 restituimus

178 2307 302 2346 eidem;
325 2310 357 2339 et
373 2307 462 2340 vobis
476 2307 702 2339 mandavimus
718 2308 803 2350 quod
813 2307 1002 2351 temporalia
1017 2307 1217 2350 episcopatus
1228 2306 1373 2349 praedicti
1388 2305 1423 2337 in
1435 2316 1534 2337 manu
1544 2307 1649 2337 vestra
