1820 2548
257 81 319 113 962

819 271 1100 306 DCCCXXXVI.

207 349 276 381 AN
299 349 506 383 INTERIM
529 350 821 384 INJUNOTION
842 351 896 383 IN
919 352 1016 385 THE
1037 353 1146 385 SUIT
1167 353 1403 386 BETWEEN
1419 354 1517 386 THE
1540 353 1662 387 KING

251 417 351 450 AND
380 417 600 451 WILLIAM
623 419 687 451 DE
712 419 948 459 BREWOSE,
973 420 1277 453 CONCERNING
1305 421 1617 455 GOWERLAND.

423 498 495 542 [W.
520 498 648 534 Rama
672 499 868 531 annmcs
891 511 928 532 m
951 500 1087 540 Pmr„
1106 502 1199 541 1661,
1224 502 1278 533 fol.
1304 514 1333 544 p.
1359 501 1450 545 226]

1109 568 1216 601 Lam.
1262 570 1303 601 28
1326 569 1422 601 Enw.
1447 570 1475 602 Ι.
1525 571 1616 602 1300.

246 646 297 679 De
313 647 529 679 Parliamento
545 648 630 690 apud
647 647 799 679 Loxnos’
816 648 850 679 in
867 649 1109 691 quadragesima
1124 661 1208 682 anno
1224 650 1371 682 vicesimo
1389 653 1508 683 octavo.

244 714 389 757 Loquela
404 715 488 747 inter
504 715 629 758 Regem
644 718 676 748 et
692 715 916 748 WILLELMUM
932 717 971 748 de
988 716 1162 756 Bnewosn,
1179 718 1218 749 de
1235 720 1320 749 terra
1335 719 1374 750 de
1390 717 1527 750 Gowmz.

243 782 387 826 Loquela
417 783 500 815 inter
531 783 708 816 Dominum
739 784 863 826 Regem
894 795 950 826 per
976 784 1180 818 WALTERCM
1212 786 1251 817 de
1281 785 1474 826 PEmmToN,
1501 798 1558 829 pro
1588 787 1656 830 ipso

196 851 286 894 Rege
310 854 561 893 prosequentem,
578 854 610 884 et
633 851 857 884 WILLELMUM
881 853 920 884 de
945 852 1102 884 BREOUSE
1126 864 1220 895 super
1241 853 1443 886 libertatibus
1466 866 1545 896 quas
1566 854 1653 888 idem

198 918 413 952 Wunnnnms
429 920 545 951 clamat
569 919 684 951 habere
703 919 789 951 infra
804 920 1002 962 procinctum
1018 922 1100 952 terre
1116 931 1170 952 sue
1186 921 1225 952 de
1242 920 1392 953 Gowmu:
1411 922 1450 954 de
1471 922 1654 955 tenentibus

194 986 280 1019 infra
305 988 439 1019 eandem
465 990 584 1019 terram
609 987 886 1027 commorantibus,
913 990 944 1020 et
974 998 1053 1030 quas
1082 988 1167 1020 idem
1194 988 1388 1021 WALTERUS
1412 990 1522 1022 asserit
1548 990 1653 1033 ipsum

195 1054 420 1088 WxLLnLimM
443 1066 608 1097 occupasse
626 1056 732 1088 minus
750 1056 836 1098 juste
852 1067 945 1098 super
961 1056 1138 1089 Dominum
1158 1056 1283 1099 Regem
1305 1060 1337 1089 et
1355 1058 1541 1090 comitatum
1559 1069 1653 1091 suum

193 1124 234 1156 de
248 1123 471 1156 KERMERDYN
487 1124 618 1166 ponitur
634 1125 667 1156 in
679 1127 857 1166 respectum
866 1136 965 1167 usque
978 1125 1019 1157 ad
1035 1125 1215 1166 proximum
1231 1124 1485 1158 Parliamentum
1493 1126 1650 1167 futurum,
1663 1124 1667 1127 ’
1680 1127 1685 1131 '

193 1203 249 1235 per
263 1195 447 1235 preceptum
463 1192 597 1224 Domini
614 1192 723 1235 Regis
770 1192 815 1224 Et
830 1193 976 1225 similiter
988 1193 1093 1235 quoad
1109 1203 1217 1224 omnes
1232 1196 1400 1235 querentes
1414 1196 1498 1226 terre
1512 1195 1652 1236 predicte

192 1261 232 1293 de
259 1260 411 1293 Gownnn
438 1262 470 1292 et
493 1260 662 1302 petitiones
686 1264 844 1303 porrectas
868 1272 925 1303 per
949 1261 1075 1293 eosdem
1102 1271 1209 1292 versus
1230 1260 1335 1303 ipsum
1360 1261 1585 1294 Wumnmmm
1612 1263 1652 1294 de

192 1329 351 1362 Bmzocsz:
367 1329 406 1360 de
422 1329 556 1361 diversis
574 1328 878 1371 transgressionibus
897 1329 1016 1361 eisdem
1035 1328 1217 1360 hominibus
1240 1340 1296 1371 per
1316 1329 1475 1371 prefatum
1490 1329 1650 1363 anu-

193 1408 271 1430 MUM
301 1397 336 1429 in
365 1400 450 1429 terra
478 1397 620 1439 predicta
650 1397 757 1436 illatis,
785 1402 877 1439 prout
909 1397 1089 1429 continetur
1118 1396 1153 1428 in
1179 1396 1386 1439 petitionibus
1424 1397 1582 1439 predictis,
1613 1409 1650 1431 eo

192 1466 278 1509 quod
306 1465 392 1497 idem
422 1464 635 1498 Wmfflmrs
665 1477 722 1507 per
758 1465 1020 1497 consuetudinem
1049 1465 1187 1506 partium
1226 1465 1355 1497 illarum
1382 1465 1498 1497 clamat
1534 1465 1649 1498 habere

192 1533 329 1576 primam
365 1532 581 1576 cognitionem
618 1533 762 1565 omnium
799 1533 1000 1575 querelarum
1037 1536 1069 1566 et
1105 1533 1294 1576 placitorum
1330 1533 1416 1565 infra
1451 1534 1648 1575 procinctum

191 1605 274 1634 terre
297 1602 437 1644 predicte
464 1602 504 1633 de
530 1601 713 1633 tenentibus
737 1601 801 1634 suis
827 1602 1059 1644 emergentium
1089 1602 1164 1644 quia
1193 1612 1302 1634 omnes
1328 1603 1496 1643 querentes
1524 1613 1646 1634 conces-

191 1673 301 1703 serunt
331 1670 416 1712 quod
446 1672 520 1701 sunt
550 1672 695 1701 tenentes
728 1669 862 1712 predicti
892 1669 1077 1702 WILLELMI
1109 1672 1165 1702 aut
1195 1669 1332 1701 mediate
1361 1672 1419 1702 aut
1453 1669 1645 1702 immediate.

191 1738 237 1770 Et
266 1738 365 1770 nichil
394 1737 601 1769 ostenderunt
631 1737 716 1770 dicto
742 1737 935 1770 WILLELMO
965 1738 1004 1769 de
1034 1737 1169 1779 querelis
1200 1740 1256 1769 aut
1285 1737 1414 1779 injuriis
1437 1737 1586 1779 predictis
1612 1737 1646 1770 in

189 1805 334 1849 partibus
357 1806 421 1838 suis
447 1808 522 1837 ante
551 1806 726 1838 adventum
750 1816 843 1837 suum
868 1805 919 1838 hic
946 1806 987 1837 ad
1013 1805 1267 1838 Parliamentum
1296 1807 1334 1837 ut
1362 1805 1449 1837 dicit.
1495 1804 1540 1837 Et
1570 1806 1645 1848 quia

187 1886 280 1917 super
308 1874 538 1917 jurisdictione,
566 1884 662 1915 quam
691 1873 850 1915 predictus
875 1873 1088 1906 Wunsmws
1118 1874 1233 1905 clamat
1262 1873 1297 1905 in
1326 1873 1468 1916 predicta
1492 1875 1576 1905 terra
1601 1873 1641 1906 de

189 1942 327 1982 Gowx-:m
344 1942 461 1984 pendet
477 1941 606 1983 loquela
620 1942 761 1984 predicta
776 1942 860 1974 inter
875 1942 1041 1974 dominum
1057 1941 1182 1984 Regem
1198 1944 1230 1974 et
1245 1941 1350 1984 ipsum
1366 1941 1592 1974 WILLELMUM
1606 1943 1644 1974 ut

186 2011 364 2053 predictum
375 2013 421 2042 est
438 2021 537 2052 usque
552 2010 593 2042 ad
603 2009 784 2052 proximum
800 2010 1063 2042 Parliamenturn.
1110 2010 1155 2042 Et
1167 2012 1340 2051 antequam
1355 2009 1546 2041 discuciatur
1559 2009 1643 2042 inter

185 2078 351 2111 dominum
373 2077 499 2120 Regem
520 2079 552 2109 et
569 2078 675 2119 ipsum
691 2078 916 2111 WILLELMUM
931 2079 973 2110 ad
988 2089 1083 2121 quem
1097 2077 1276 2120 jurisdictio
1291 2077 1433 2119 predicta
1447 2077 1482 2108 in
1497 2079 1581 2109 terra
1601 2077 1640 2109 de

184 2146 310 2180 Gownss
339 2145 504 2189 [spectet],
530 2157 594 2178 non
619 2148 722 2188 potest
745 2146 873 2179 allocari
900 2147 1004 2179 eidem
1030 2146 1223 2179 WILLELMO
1248 2145 1352 2187 prima
1378 2144 1518 2187 cognitio
1544 2156 1641 2187 quam
