1820 2548
1535 208 1597 238 715

178 362 278 405 hujus
292 363 448 405 presentis
463 365 548 394 carte
563 373 633 395 mee
648 363 848 395 confirmacio
864 365 934 395 rata
950 362 1072 395 stabilis
1087 365 1120 395 et
1131 363 1220 395 illesa
1231 366 1416 405 permaneat
1427 363 1510 396 hanc
1521 366 1641 396 cartam

177 431 278 473 sigilli
303 431 508 473 impressione
537 430 693 463 roboravi.
744 430 822 462 Hiis
851 430 985 463 testibus
1013 457 1019 462 .
1046 431 1176 463 domino
1207 431 1403 463 REYMUNDO
1432 432 1472 463 de
1502 431 1606 464 Sumn-
1632 457 1638 463 .

180 499 309 532 domino
332 499 354 531 J
357 510 498 531 OHANNE
520 498 686 531 WALENsr
705 498 862 531 militibus
884 524 890 531 .
914 499 1079 532 JOHANNE
1103 500 1142 531 de
1161 499 1391 532 WYNCESTRIA
1408 525 1414 532 .
1434 500 1583 532 Rumam
1602 501 1641 532 de

179 567 328 599 NERBER
345 593 352 598 .
371 567 531 599 Rommo
546 568 586 599 de
603 568 784 599 CANTELOU
803 593 808 599 .
828 567 942 599 PE'rno
957 568 996 600 de
1011 567 1201 599 LANHASKE
1219 593 1225 599 .
1243 570 1275 600 et
1289 568 1400 600 multis
1415 569 1495 600 aliis.

221 636 255 668 A
273 637 377 668 round
399 636 473 675 seal,
491 636 554 678 {im
576 636 684 674 diam„
706 635 740 667 in
762 636 840 667 dark
862 648 959 678 green
981 648 1061 668 wax.
1107 636 1236 675 Deviee,
1260 648 1279 668 a
1299 637 1366 669 lion
1387 638 1535 669 dormant
1556 649 1642 679 upon

176 715 198 736 a
219 716 297 736 rose.

221 773 410 816 Legend—‘
428 778 459 809 -Ι-
482 772 516 804 s'.
542 783 700 804 111111111011
724 783 768 804 DE
793 773 970 805 nemeen)

825 941 999 974 DCLVII.

178 1023 328 1062 ADAM,
389 1023 475 1055 SON
545 1023 604 1054 OF
671 1022 838 1055 PHILIP
907 1022 1207 1055 ALEXANDER
1282 1023 1340 1055 OF
1402 1023 1646 1064 LANDOGH,

291 1091 476 1124 GRANTS
536 1091 668 1124 LAND
736 1091 787 1123 IN
858 1091 956 1124 THE
1019 1092 1110 1123 FEE
1176 1092 1235 1124 OF
1295 1092 1528 1125 LANDOGH
1589 1093 1646 1126 ΤΟ

288 1160 598 1199 ALEXANDER,
638 1160 725 1193 SON
764 1160 823 1193 OF
861 1160 1082 1193 MAURICE
1121 1161 1179 1193 OF
1217 1161 1461 1194 LANDOGH.

675 1241 780 1284 [Anu.
807 1241 981 1279 CHAerz,
1006 1241 1151 1284 24‚269.]
1524 1242 1602 1274 SD.

226 1321 337 1354 Sciant
352 1325 513 1364 presentes
529 1325 560 1354 et
576 1322 679 1354 futuri
695 1323 780 1364 quod
801 1334 862 1364 ego
878 1322 984 1354 ADAM
1000 1322 1085 1354 filius
1105 1325 1137 1354 et
1153 1322 1244 1354 heres
1261 1323 1423 1355 Pmmm
1439 1323 1648 1356 ALEXANmu

183 1390 223 1422 de
237 1389 404 1422 Lmnocn
421 1402 549 1422 assensu
565 1393 595 1422 et
612 1390 778 1423 voluntate
794 1390 918 1422 Auem
934 1391 1045 1423 matris
1064 1402 1132 1423 mee
1148 1403 1183 1423 ao
1203 1394 1378 1433 spontanea
1399 1393 1563 1424 voluntate
1579 1404 1650 1425 mea

180 1458 255 1491 dedi
281 1459 417 1490 concessi
442 1462 473 1491 et
494 1459 730 1500 imperpetuum
757 1470 814 1501 pro
838 1470 890 1491 me
915 1462 946 1491 et
976 1459 1147 1491 heredibus
1175 1460 1253 1491 meis
1278 1460 1422 1501 quietum
1453 1461 1587 1493 clamavi
1617 1464 1649 1493 et

180 1527 320 1569 presenti
335 1527 450 1569 scripto
466 1527 649 1559 confirmavi
666 1527 882 1559 ALEXANDRO
898 1528 963 1560 fflio
986 1527 1155 1559 MAURmn
1179 1529 1219 1560 de
1241 1528 1413 1560 LANDOGH
1434 1532 1466 1561 et
1487 1529 1649 1562 Cms‘rmn

182 1595 277 1627 matu·
298 1606 352 1627 sue
374 1607 430 1637 pro
452 1596 593 1637 quinque
616 1596 732 1628 solidos
759 1596 1005 1638 esterlingorum
1028 1607 1106 1638 quos
1125 1596 1206 1628 mihi
1227 1600 1258 1628 et
1281 1597 1377 1629 matri
1401 1609 1470 1630 mee
1491 1599 1649 1630 dederunt

182 1663 386 1705 premanibus
397 1666 501 1695 tot-um
512 1663 565 1706 jus
581 1668 612 1696 et
625 1664 775 1696 clamium
787 1665 873 1706 quod
883 1664 982 1696 habui
997 1664 1047 1696 vel
1060 1665 1166 1706 aliquo
1183 1665 1277 1696 modo
1292 1665 1408 1697 habere
1420 1666 1511 1707 potui
1522 1666 1648 1698 racione

183 1730 367 1763 hereditatis
393 1732 527 1774 predicti
554 1732 717 1764 PHILIPPI
744 1733 844 1775 patris
869 1733 932 1765 mei
956 1734 991 1764 in
1017 1735 1086 1764 tota
1112 1735 1196 1765 terra
1216 1733 1273 1765 illa
1295 1744 1368 1765 611111
1388 1734 1593 1776 pertinenciis
1617 1738 1649 1767 et

182 1798 383 1831 libertatibus
406 1800 470 1832 suis
490 1812 587 1842 quam
611 1801 746 1842 predicti
773 1801 1006 1833 ALEXANDRPS
1027 1804 1058 1833 et
1084 1801 1246 1833 CmsrmA
1273 1804 1385 1834 tenent
1408 1803 1448 1834 de
1471 1803 1647 1836 hereditate

183 1867 345 1908 quondam
357 1866 525 1900 wiffam
538 1868 645 1901 Tam
659 1869 809 1901 avuncuii
820 1870 883 1902 mei
894 1870 952 1902 filii
963 1870 1171 1902 ALEXANDRI
1184 1871 1223 1902 de
1237 1870 1407 1902 LANDOGH
1419 1871 1475 1913 qui
1485 1873 1647 1913 quondam

180 1947 251 1967 eam
266 1935 371 1967 tenuit
386 1937 426 1968 de
437 1937 566 1969 domino
578 1937 693 1970 abbate
705 1940 737 1970 et
750 1941 910 1970 conventu
922 1939 961 1970 de
974 1938 1244 1970 THEOKESBURIA
1255 1939 1288 1970 in
1301 1939 1394 1971 feodo
1410 1940 1449 1971 de
1462 1939 1643 1972 LANDOGH.

175 2003 363 2036 Tenendum
393 2008 425 2036 et
449 2004 630 2038 habendam
654 2007 773 2039 dictam
800 2010 918 2039 terram
944 2019 1017 2039 cum
1048 2008 1112 2039 suis
1142 2008 1346 2050 pertinenciis
1377 2012 1409 2040 et
1439 2008 1640 2041 libertatibus

178 2073 328 2115 predictis
344 2072 554 2104 Ataxixnuo
569 2077 601 2105 et
618 2073 780 2106 Omsrm:
796 2078 827 2107 et
844 2086 953 2107 eorum
977 2076 1147 2108 heredibus
1171 2077 1220 2108 vel
1244 2076 1414 2119 assignatis
1437 2080 1492 2108 aut
1515 2077 1644 2118 quibus-

175 2152 299 2183 cunque
316 2152 386 2172 eam
402 2142 477 2172 dare
493 2142 628 2173 vendere
652 2142 759 2185 legare
782 2143 832 2175 vel
853 2143 959 2186 aliquo
981 2145 1043 2176 alio
1065 2145 1159 2177 modo
1179 2145 1342 2187 assignare
1365 2145 1525 2177 voluerint
1546 2145 1643 2178 libere

180 2210 286 2251 quiete
313 2208 393 2241 bene
425 2212 457 2242 et
488 2210 522 2241 in
553 2221 629 2251 paee
659 2211 727 2242 sine
758 2212 845 2243 omni
875 2212 1102 2245 reela-macione
1139 2213 1201 2245 11161
1232 2216 1289 2245 aut
1318 2213 1472 2245 heredum
1502 2225 1646 2246 meorum

180 2277 425 2320 imperpetuum.
467 2278 645 2311 Reddendo
657 2282 689 2310 et
700 2279 847 2312 faciendo
858 2280 932 2313 inde
945 2282 1113 2313 annuatim
1123 2281 1252 2324 capitali
1264 2281 1393 2314 domino
1406 2281 1491 2314 feodi
1502 2282 1646 2315 debitum
