1820 2548
220 188 303 219 1128

771 353 1036 387 DCCCGXXII.

178 436 364 469 RECORD
395 436 454 469 OF
484 434 812 469 PROCEEDINGS
839 435 1085 468 RELATING
1114 435 1172 468 ΤΟ
1198 435 1422 468 ALLEGED
1448 435 1634 469 ERRORS

285 505 339 537 IN
363 505 396 537 A
421 503 674 537 RECOVERY
703 503 768 536 BY
793 503 1012 536 WILLIAM
1042 503 1106 536 DE
1136 503 1366 536 BREWOSA
1391 503 1450 536 OF
1479 503 1634 537 SEISIN

285 573 344 606 OF
373 573 472 605 THE
501 572 634 604 LAND
666 571 725 604 OF
755 571 936 604 GOWER.

540 653 656 696 [Prie.
681 652 835 685 Anssmzv.
862 652 902 684 R.
927 652 974 691 O„
1000 653 1094 691 1811,
1117 663 1148 695 p.
1174 651 1266 695 350.]

737 733 900 766 WESTMR.
925 732 1028 765 HILL.
1055 732 1166 765 TERM.
1216 733 1254 765 18
1278 733 1374 765 Enw.
1399 733 1447 765 ΙΙ.
1495 734 1588 766 1425.

398 815 461 847 Per
476 815 605 847 assisam
621 818 652 846 et
666 814 808 856 jurata-m
823 814 1037 847 Wumzmms
1057 815 1096 846 de
1119 814 1285 846 BnnwoSA
1305 817 1470 857 recuperat
1485 814 1634 848 seisinam

173 824 324 913 GLOUC'}
355 894 445 915 suam
469 884 508 915 de
535 882 658 914 duobus
685 882 849 914 commotis
874 894 936 924 que
960 885 1113 914 vocantur
1142 881 1345 914 commem>
1371 885 1403 914 et
1433 882 1544 915 Iscom
1571 894 1633 925 que

173 952 337 985 continent
356 955 458 983 totam
477 954 596 983 terram
616 952 655 983 de
677 950 805 983 Gowmz
830 962 936 982 versus
958 950 1102 982 ALINAM
1125 962 1186 992 que
1208 951 1271 982 suit
1293 962 1374 983 uxor
1396 951 1570 984 «IOHANNIS
1592 952 1632 985 de

173 1021 345 1053 Movmur
369 1020 541 1052 Romnum
564 1020 604 1051 de
627 1019 833 1051 MmDLETox
858 1022 889 1051 et
912 1019 1137 1052 Wmmmm
1160 1018 1311 1051 Mox-oxa
1335 1023 1366 1051 et
1389 1030 1414 1051 c.
1432 1031 1554 1052 marcas
1574 1031 1632 1062 pro

173 1090 320 1132 dampnis
336 1101 429 1131 super
444 1100 507 1131 qua
523 1088 626 1120 dictus
642 1088 856 1120 Wuaimmvs
872 1088 982 1120 asserit
998 1099 1117 1119 errores
1131 1088 1338 1120 intervenisse
1354 1090 1387 1120 et
1406 1088 1464 1120 hos
1478 1089 1630 1131 assignat.

216 1158 369 1190 Erratum
385 1162 431 1189 est
447 1157 480 1189 in
496 1157 555 1189 hoc
571 1157 656 1199 quod
671 1168 744 1189 cum
760 1162 843 1188 terra
859 1157 898 1188 de
915 1156 1043 1188 GOWER
1058 1156 1162 1198 posita
1176 1156 1211 1188 in
1223 1156 1294 1188 visu
1309 1159 1366 1189 etc.
1381 1157 1422 1189 sit
1437 1158 1471 1189 in
1484 1157 1633 1190 WALLIA

173 1230 263 1259 extra
287 1225 460 1268 quemlibet
484 1225 669 1257 comitatum
693 1224 747 1256 ubi
768 1224 893 1256 mulum
916 1224 1010 1256 breve
1034 1224 1134 1267 Regis
1156 1224 1253 1256 currit
1275 1225 1450 1257 secundum
1472 1225 1578 1268 legem
1600 1228 1632 1258 et

173 1294 434 1327 cousuetudinem
454 1293 547 1335 regni
567 1292 706 1324 ANGLIE
727 1293 861 1334 predicti
881 1292 1051 1334 justiciarii
1073 1293 1115 1324 ad
1131 1292 1190 1324 hoc
1210 1304 1276 1325 non
1292 1293 1526 1326 considerantes
1549 1304 1632 1326 erro-

173 1364 242 1395 nice
264 1363 497 1394 mandaverunt
519 1361 695 1393 vicecomiti
719 1360 951 1392 Giorcsssnuss
974 1361 1059 1402 quod
1082 1361 1188 1393 venire
1212 1361 1329 1393 faceret
1353 1373 1456 1393 coram
1479 1362 1524 1394 eis
1545 1363 1632 1405 apud

173 1432 359 1464 Swaemnssr
389 1431 422 1462 in
455 1429 583 1462 Gowmz
613 1429 742 1461 assisam
772 1429 947 1471 predictam
971 1432 1004 1461 et
1033 1429 1074 1460 ad
1101 1428 1321 1461 attachiandas
1345 1429 1451 1472 partes
1476 1430 1633 1472 predictas

175 1499 298 1532 essendi
314 1510 418 1531 coram
434 1499 552 1530 eisdem
566 1497 751 1540 justiciariis
766 1509 802 1528 ac
818 1498 843 1529 si
859 1497 994 1529 fuissent
1008 1497 1044 1529 in
1060 1497 1213 1530 comitatu
1230 1496 1462 1530 Groocns‘rmr:
1479 1509 1552 1530 oum
1566 1510 1631 1531 non

173 1573 276 1600 essent
299 1579 392 1609 super
415 1578 477 1608 quo
500 1577 646 1608 processu
668 1565 777 1597 habito
800 1565 834 1597 in
857 1565 961 1597 forma
975 1565 1116 1607 predicta
1139 1568 1248 1597 contra
1272 1565 1397 1608 Regem
1412 1568 1443 1597 et
1465 1569 1631 1599 consuetu-

173 1637 282 1668 dinem
305 1636 397 1678 regui
417 1635 516 1677 Regis
538 1635 637 1666 iidem
656 1633 825 1676 justiciarii
848 1636 1063 1675 processerunt
1082 1634 1122 1665 ad
1143 1634 1276 1665 assisam
1295 1618 1470 1676 predictam
1493 1635 1634 1667 erronice

176 1705 361 1746 capiendam
377 1707 408 1735 et
425 1703 466 1735 ad
480 1702 638 1745 judicium
653 1707 763 1733 contra
779 1702 882 1744 ipsum
898 1702 1106 1740 reddendum,
1123 1704 1180 1734 ete.

220 1773 305 1805 Item
324 1775 463 1804 erratum
484 1774 531 1803 est
551 1771 586 1802 in
603 1770 662 1802 hoc
683 1771 768 1812 quod
785 1782 856 1802 cum
872 1769 1011 1812 quelibet
1031 1770 1127 1802 assisa
1143 1771 1316 1802 secundum
1337 1771 1441 1814 legem
1457 1774 1487 1803 et
1504 1782 1633 1804 eonsue-

176 1842 323 1874 tudinem
343 1841 435 1883 regni
450 1839 603 1871 arraniari
625 1838 737 1870 dcbeat
754 1839 793 1870 de
814 1838 906 1870 certis
925 1838 1074 1870 maneriis
1089 1839 1139 1870 vel
1163 1839 1255 1871 certis
1276 1840 1468 1871 tenementis
1488 1840 1522 1872 in
1541 1841 1634 1873 certis

177 1910 262 1942 villis
276 1911 310 1941 in
325 1908 414 1941 brevi
429 1907 633 1939 nominandis
647 1911 679 1938 et
699 1906 858 1948 predictus
874 1905 1088 1938 Wmoemms
1103 1907 1142 1938 de
1157 1906 1325 1939 Bnsswosi
1340 1907 1373 1938 in
1389 1907 1531 1949 predicto
1545 1907 1634 1940 brevi

177 1983 307 2021 questus
333 1977 397 2008 fuit
421 1988 453 2007 se
477 1975 626 2007 disseisiri
652 1975 692 2007 de
717 1974 816 2006 libero
843 1978 1025 2006 tenemento
1049 1986 1104 2006 suo
1130 1974 1165 2006 in
1190 1974 1319 2007 vamz
1344 1986 1404 2017 que
1427 1978 1474 2008 est
1495 1977 1633 2018 quedam

178 2057 297 2089 magna
312 2045 415 2088 patria
435 2044 649 2076 eontinensin
665 2054 696 2075 se
717 2043 823 2085 plures
839 2042 931 2074 villas
951 2043 1090 2074 diversas
1104 2044 1252 2085 ponendo
1266 2043 1301 2075 in
1317 2043 1386 2075 visu
1401 2055 1467 2083 suo,
1484 2047 1553 2083 etc„
1569 2046 1633 2077 duo

178 2118 311 2153 comota,
324 2117 393 2152 etc„
406 2113 440 2144 in
456 2111 571 2154 quibus
586 2111 732 2143 similiter
746 2114 821 2143 sunt
836 2111 942 2153 plures
958 2111 1032 2142 vine
1047 2111 1170 2143 diverse
1184 2111 1318 2153 predicti
1333 2111 1501 2154 justiciarii
1517 2113 1558 2144 ad
1573 2112 1632 2145 hoc

179 2194 243 2215 non
269 2181 503 2214 considerantes
527 2190 620 2221 super
646 2178 832 2221 hujusmodi
855 2178 944 2210 brevi
967 2179 1075 2211 minus
1100 2179 1161 2211 rite
1185 2181 1217 2210 et
1241 2182 1350 2211 contra
1373 2181 1635 2213 consuetudinem

179 2250 282 2294 regni,
304 2252 374 2288 etc„
402 2259 421 2280 a
450 2247 635 2279 cancellaria
659 2250 807 2279 emanata
834 2247 973 2279 erronice
998 2250 1215 2288 processerunt
1239 2247 1280 2278 ad
1305 2247 1481 2289 predictam
1506 2248 1636 2281 assisam
