1820 2548
1545 176 1607 208 985

184 333 303 363 terram
318 331 440 363 domini
455 332 495 363 de
511 330 627 363 COGAN
643 330 678 362 in
693 335 783 373 parte
799 330 918 363 boreali
934 333 966 363 et
982 331 1088 363 locum
1104 334 1253 363 vocatum
1272 330 1327 363 ΥΕ
1345 331 1600 365 WORBEYSFOTE
1615 332 1650 365 in

185 402 276 442 parte
291 400 447 432 orientali.
494 399 693 432 Habendum
709 402 741 432 et
756 400 931 431 tenendum
947 399 1031 432 dicto
1048 399 1242 433 WILLELMO
1266 402 1297 431 et
1321 399 1490 432 heredibus
1513 400 1577 432 suis
1601 401 1650 433 vel

185 469 355 511 assignatis
370 469 409 501 de
432 479 482 500 me
506 471 537 501 et
558 467 726 500 heredibus
749 468 828 500 meis
851 470 883 500 et
906 468 1076 511 assignatis
1098 468 1277 510 predictum
1301 468 1517 510 messuagium
1534 470 1566 500 et
1581 480 1650 511 pre-

185 537 304 569 dictam
313 541 431 569 terram
443 539 474 569 et
485 536 614 569 boscum
626 547 698 568 cum
710 535 858 568 omnibus
868 536 933 568 suis
944 536 1147 578 pertinentiis
1156 536 1254 568 libere
1271 536 1378 578 quiete
1390 536 1471 568 bene
1483 538 1515 568 et
1524 537 1559 568 in
1574 548 1651 579 pace

186 605 431 648 imperpetuum.
492 605 670 637 Reddendo
702 604 777 636 inde
807 605 975 636 annuatim
1002 604 1131 647 capitali
1159 605 1290 637 domino
1315 604 1402 637 feodi
1426 604 1513 636 iuius
1543 605 1652 637 decem

187 674 332 706 denarios
355 673 480 716 argenti
503 674 543 705 ad
567 674 645 705 duos
667 673 745 704 anni
767 672 920 705 terminos
942 672 1090 705 videficet
1113 673 1154 704 ad
1177 672 1297 705 festum
1320 671 1430 704 Sancti
1456 672 1652 704 MrcHAEms

187 742 385 785 Archangeli
397 742 538 784 quinque
548 742 694 774 denarios
705 744 737 774 et
747 742 788 774 ad
800 742 992 774 HOCKEDAY
1003 742 1145 784 quinque
1155 741 1300 773 denarios
1310 741 1432 773 etmihi
1442 744 1474 774 et
1483 741 1654 775 heredibus

189 811 267 843 meis
282 822 380 843 unam
395 821 498 843 rosam
510 811 552 842 ad
568 809 686 842 festum
701 810 881 842 nativitatis
903 809 1014 842 Sancti
1037 809 1059 842 J
1061 820 1211 841 OHANNIS
1235 809 1403 842 BApnsm
1427 822 1484 852 pro
1508 810 1656 843 omnibus

187 878 380 912 secularibus
395 879 534 910 serviciis
549 879 665 911 wardis
680 879 822 921 tallagiis
837 878 965 911 auxfliis
979 878 1155 910 herietibus
1171 878 1262 910 sectis
1281 878 1367 910 curie
1384 880 1415 910 et
1434 890 1491 921 pro
1508 878 1656 911 omnibus

187 948 258 980 aliis
288 947 463 980 domandis.
521 947 566 979 Et
592 959 652 990 ego
679 959 752 979 vero
780 948 940 989 predictus
968 946 1149 978 HEchns
1175 949 1205 978 et
1232 946 1364 978 heredes
1392 947 1455 979 mei
1478 947 1656 989 predictum

187 1016 403 1058 messuagium
425 1018 543 1048 terram
566 1018 597 1048 et
619 1015 749 1049 boscum
771 1027 844 1048 cum
859 1015 1007 1048 omnibus
1024 1015 1088 1048 suis
1104 1015 1306 1058 pertinentiis
1321 1015 1401 1047 sicut
1417 1015 1594 1058 predictum
1611 1018 1659 1048 est

189 1084 274 1117 dicto
295 1084 489 1117 W1LLELMO
512 1084 663 1118 WALLOT
686 1087 717 1117 et
740 1084 909 1116 heredibus
932 1084 997 1116 suis
1020 1084 1070 1116 vel
1093 1083 1265 1126 assignatis
1280 1086 1390 1116 contra
1414 1095 1523 1116 omnes
1546 1086 1658 1126 gentes

188 1153 338 1185 mortales
353 1152 630 1185 warantizabimus
645 1155 677 1185 et
693 1153 902 1186 defendemus
917 1153 1164 1195 imperpetuum.
1211 1152 1252 1184 In
1269 1152 1361 1194 eujus
1377 1152 1422 1184 rei
1438 1152 1658 1185 testimonium

188 1221 262 1254 huic
285 1222 423 1263 presenti
447 1224 531 1253 carte
551 1233 621 1254 mee
645 1221 790 1264 sigillum
812 1232 920 1253 meum
945 1221 1086 1263 apposui.
1134 1221 1211 1253 Hiis
1234 1221 1370 1254 testibus
1395 1247 1401 1253 .
1427 1221 1603 1254 WALTERO
1619 1223 1658 1254 de

191 1289 314 1323 Pam
331 1315 338 1321 .
355 1290 495 1322 MILONE
518 1291 558 1322 de
581 1289 704 1322 REYNY
722 1315 728 1321 .
746 1290 900 1322 Rmfflzno
923 1290 962 1322 de
985 1289 1102 1322 Coc-AN
1128 1316 1133 1322 .
1161 1290 1315 1322 Rmmmo
1338 1290 1404 1322 filio
1430 1290 1601 1322 Grumum
1618 1291 1657 1323 de

190 1358 305 1390 OOGAN
330 1384 336 1390 .
362 1358 532 1390 Pfflmppo
559 1358 701 1391 Tuneon
719 1384 725 1390 .
744 1358 920 1391 WALTERO
945 1360 984 1391 de
1012 1358 1128 1391 Cosam
1155 1384 1161 1390 .
1189 1359 1369 1391 Nmnomo
1395 1360 1434 1392 de
1463 1359 1657 1391 PENNARTH

189 1426 315 1468 juniore
339 1452 345 1459 .
370 1427 535 1459 JOHANNE
560 1426 680 1460 GnoNo
711 1453 718 1459 .
743 1427 939 1460 WILLELMO
969 1427 1171 1459 BAGETMPE
1203 1454 1209 1459 .
1243 1427 1438 1460 WILLELMO
1467 1427 1616 1460 GODMAN
1649 1453 1655 1459 .

190 1495 343 1527 Rxcmmo
360 1495 481 1528 Cmspo
499 1521 504 1527 .
523 1496 545 1528 J
548 1507 689 1528 OHANNE
706 1496 877 1528 anssom
894 1521 900 1527 .
919 1499 951 1528 et
966 1496 1077 1528 multis
1092 1496 1172 1528 aliis.

779 1658 1066 1692 DCCOXLVIII.

191 1739 351 1772 GRANT
405 1739 458 1771 IN
503 1739 617 1772 TAIL
669 1739 734 1772 BY
785 1739 1006 1773 WILLIAM
1052 1740 1253 1773 WALLOT
1303 1740 1405 1773 AND
1451 1741 1652 1782 SIBILLA,

299 1807 379 1840 HIS
410 1807 547 1847 WIFE,
578 1807 636 1840 TO
668 1807 929 1848 GEOFFREY,
961 1808 1049 1841 SON
1081 1808 1140 1841 OF
1165 1808 1333 1841 PHILIP
1363 1809 1655 1843 MARESGHAL

296 1876 398 1908 AND
432 1876 563 1916 JOAN‚
598 1876 867 1909 DAUGHTER
893 1877 953 1909 OF
986 1877 1085 1909 THE
1121 1877 1381 1917 GRANTORS,
1421 1877 1479 1910 OF
1520 1878 1653 1911 LAND

298 1944 351 1977 IN
390 1944 607 1985 CARDIFF,
645 1945 875 1978 PENARTH
913 1946 1015 1978 AND
1048 1945 1216 1986 COGAN,
1256 1946 1366 1986 ETG„
1404 1946 1538 1979 WITH
1578 1947 1654 1980 RE-

298 2013 505 2046 VERSION
536 2014 599 2046 ΟΝ
630 2014 845 2047 FAJLURE
876 2014 935 2046 oF
965 2014 1110 2047 ISSUE.

793 2095 929 2139 [CARNE
960 2095 1048 2137 MS]

233 2175 343 2209 Sciant
359 2178 519 2218 presentes
534 2178 567 2209 et
588 2176 692 2208 futuri
707 2177 793 2219 quod
808 2188 868 2220 ego
887 2176 1101 2210 WVILLELMUS
1118 2176 1268 2210 Wfflm
1284 2180 1315 2209 et
1331 2177 1471 2210 Smum
1488 2189 1568 2210 uxor
1584 2189 1655 2210 mea.

189 2245 334 2278 dedimus
357 2245 565 2277 concessimus
586 2248 619 2278 et
642 2245 701 2278 hac
724 2246 863 2288 presenti
887 2249 973 2278 emta
996 2248 1105 2278 nostra
1121 2246 1378 2278 confirmavimus
1395 2245 1573 2279 GALmzmo
1589 2246 1655 2279 filio

341 2351 393 2377 5v
