1820 2548
264 160 327 191 872

221 317 367 360 ejusdem
382 317 442 349 loci
461 317 606 359 episcopo
628 316 752 359 gerenti
768 316 851 349 vices
873 317 984 348 decani
1006 317 1125 349 ibidem
1148 317 1344 359 assignatam
1366 319 1402 349 ut
1424 316 1624 359 premisimus
1646 319 1679 349 et

221 397 380 418 annexam
402 386 437 417 in
459 385 602 428 proprios
624 396 699 417 usus
723 385 931 427 imposterum
953 385 1039 418 licite
1061 386 1166 418 valeat
1188 385 1326 418 retinere
1347 386 1389 417 ad
1412 385 1550 427 aliquale
1578 385 1679 418 inore·

220 457 366 487 mentum
382 465 447 486 suae
463 454 714 486 sustentaoionis.

262 523 387 555 Datum
402 523 436 554 in
453 524 547 554 domo
563 523 730 564 capitulari
746 523 842 554 dictae
859 522 994 555 ecclesiae
1010 522 1234 554 Mnnnvnnsxs
1249 523 1301 555 die
1324 522 1346 555 J
1347 533 1420 554 ox'ls
1442 522 1586 564 proxime
1607 524 1679 565 post

219 591 339 624 octabis
358 592 423 632 (xic)
442 591 632 623 ascentionis
647 590 781 623 Domini
797 602 882 623 anno
897 590 1030 623 Domini
1045 591 1213 623 millesimo
1229 596 1304 623 cc¹¹¹⁰·
1320 591 1535 633 nonagesimo.

766 660 803 687 (1)
837 659 896 681 This
908 659 973 681 word
985 659 1130 688 expunctecL

833 763 1069 796 DCCLXVII.

220 844 382 878 GRANT
409 844 474 877 BY
500 844 624 877 KING
654 844 867 877 EDWARD
895 845 922 877 I.
952 844 1010 877 OF
1035 844 1133 876 THE
1158 844 1423 878 ADVOWSON
1451 844 1510 876 OF
1536 842 1679 876 LLAN-

325 913 453 946 DAFF
483 912 541 945 TO
574 912 782 945 GILBERT
821 912 886 945 DE
917 912 1081 951 CLARE,
1112 912 1240 945 EARL
1278 913 1336 944 OF
1375 910 1680 945 GLOUCESTER

326 981 426 1014 AND
466 981 736 1013 HERTFORD.

523 1061 622 1104 [Ror.
656 1061 757 1094 Cim.
790 1073 882 1093 ANNO
914 1062 952 1093 18
983 1061 1138 1093 ΕΒννΑκῡ
1170 1062 1197 1094 I.
1230 1062 1295 1094 No.
1326 1061 1374 1105 5.]

526 1129 582 1172 [B.
609 1129 753 1169 Wums,
781 1130 921 1162 Snnvm*
948 1140 988 1162 OF
1015 1130 1213 1170 LLANDAFF,
1236 1142 1266 1173 p.
1286 1129 1376 1173 134]

1078 1199 1097 1230 2
1115 1199 1200 1230 Nov.
1250 1199 1290 1230 18
1306 1199 1463 1230 ΕΙΠΨΑΒῙ)
1480 1197 1508 1229 Ι.
1542 1198 1636 1229 1290.

263 1266 334 1298 Rex
351 1266 591 1308 archiepiscopis
607 1268 663 1298 eto.
684 1292 689 1297 .
709 1267 853 1298 salutem.

262 1334 375 1366 Sciatis
399 1334 483 1376 quod
507 1345 579 1365 cum
602 1345 659 1366 nos
684 1334 884 1377 exigeremus
906 1338 938 1366 et
961 1335 1199 1366 vendicaremus
1222 1346 1329 1367 versus
1345 1335 1497 1366 dilectum
1509 1336 1541 1366 et
1556 1333 1683 1365 fidelem

220 1406 364 1436 nostrum
396 1402 602 1435 GILBERTUM
632 1403 672 1435 de
703 1403 818 1436 Omma
850 1429 857 1437 .
890 1403 1037 1436 comitem
1069 1403 1311 1435 Gnoncsssrmffi
1347 1406 1380 1435 et
1410 1402 1649 1434 HERTFonDIAE
1675 1428 1680 1433 .

222 1471 461 1503 advocationem
477 1473 509 1502 et
524 1471 701 1503 custodiam
717 1471 916 1514 episcopatus
938 1471 1179 1504 LANDAVENSIS
1202 1483 1273 1504 cum
1296 1471 1498 1514 pertinentiis
1520 1482 1586 1502 una
1610 1481 1685 1502 cum

224 1539 445 1571 collationibus
460 1539 694 1581 prebendarum
710 1542 741 1572 et
758 1540 957 1582 dignitatum
973 1540 1116 1582 ejusdem
1133 1542 1274 1582 tempore
1297 1539 1470 1572 vacationis
1486 1539 1686 1581 episcopatus

223 1607 318 1647 illius,
347 1610 378 1639 et
402 1607 487 1639 idem
515 1618 617 1639 comes
644 1607 810 1639 nobiscum
835 1620 929 1650 super
946 1608 1005 1640 hoc
1030 1608 1180 1650 placitare
1204 1609 1315 1640 nolens
1341 1608 1374 1640 id
1400 1608 1485 1650 quod
1514 1608 1554 1639 ad
1580 1607 1686 1649 ipsum

224 1676 363 1718 pertinet
390 1675 430 1707 de
450 1675 656 1707 advocatione
681 1678 713 1707 et
741 1676 884 1708 custodia
908 1677 1105 1718 episcopatus
1120 1676 1263 1718 predicti,
1280 1687 1344 1708 una
1369 1687 1441 1708 cum
1464 1674 1688 1708 collacionibus

225 1743 460 1786 prebendarum
476 1745 507 1774 et
523 1743 721 1785 dignitatum
737 1743 882 1786 ejusdem
906 1747 1047 1786 tempore
1070 1745 1244 1777 vacationis
1266 1745 1463 1787 episcopatus
1485 1744 1581 1783 illius,
1597 1742 1689 1776 nobis

226 1811 366 1844 reddidit
388 1813 425 1843 ut
447 1811 500 1853 jus
523 1814 667 1843 nostrum
690 1815 786 1854 prout
808 1812 842 1844 in
874 1813 990 1855 scripto
1013 1812 1158 1855 ejusdem
1181 1813 1304 1845 comitis
1327 1812 1418 1845 nobis
1448 1813 1523 1844 inde
1546 1811 1688 1844 confecto

226 1879 352 1922 plenius
376 1880 558 1912 continetur
582 1906 587 1911 .
614 1880 683 1912 Nos
709 1881 813 1913 eidem
840 1881 947 1913 comiti
977 1884 1009 1914 et
1040 1881 1230 1914 charissimae
1261 1881 1335 1913 ffliae
1365 1883 1482 1913 nostrae
1513 1880 1688 1912 JOHANNAE

226 1947 319 1980 uxori
334 1958 399 1979 suae
416 1947 554 1990 gratiam
571 1948 674 1980 facere
690 1949 833 1981 volentes
848 1949 1015 1991 specialem
1030 1950 1065 1981 in
1079 1949 1138 1981 hac
1154 1952 1244 1992 parte
1259 1949 1405 1981 dedimus
1427 1951 1459 1981 et
1481 1948 1688 1980 concessimus

225 2026 282 2057 pro
294 2015 385 2047 nobis
407 2018 440 2048 et
463 2015 632 2048 heredibus
654 2017 771 2049 nostris
795 2018 898 2049 eidem
920 2018 1028 2050 comiti
1051 2021 1083 2050 et
1105 2017 1127 2050 J
1129 2028 1280 2049 onANNAE
1303 2017 1542 2049 advocationem
1565 2018 1597 2048 et
1618 2027 1686 2048 ous-

228 2083 348 2116 todiam
364 2083 562 2125 episcopatus
577 2085 711 2126 predicti
729 2097 801 2117 cum
817 2086 1018 2127 pertinentiis
1042 2112 1048 2118 .
1072 2085 1268 2118 Habendam
1290 2088 1322 2117 et
1344 2085 1516 2117 tenendam
1540 2085 1580 2116 de
1597 2083 1688 2116 nobis

224 2154 257 2184 et
271 2150 441 2183 heredibus
457 2151 572 2183 nostris
595 2152 714 2185 eisdem
737 2153 845 2185 comiti
868 2156 901 2186 et
922 2153 1097 2186 JOHANNAE
1119 2154 1363 2196 imperpetuum.
1410 2152 1517 2188 Quare
1539 2152 1686 2194 volumus

225 2222 258 2251 et
282 2219 416 2251 firmiter
440 2220 642 2262 praecipimus
664 2232 721 2263 pro
743 2221 836 2254 nobis
859 2224 891 2253 et
920 2222 1090 2255 heredibus
1119 2222 1245 2261 nostris,
1268 2221 1354 2264 quod
1375 2220 1509 2263 predicti
1531 2231 1633 2252 eomes
1655 2221 1688 2252 et
