1820 2548
1511 185 1574 217 785

771 525 999 559 DCGXVIII.

172 608 335 641 GRANT
373 608 437 640 BY
474 607 669 640 THOMAS
705 607 903 640 GRAMUS
942 607 1000 639 OF
1038 606 1170 638 LAND
1210 605 1446 639 BETWEEN
1483 605 1596 638 LAN-

326 676 521 709 GELOND
551 676 653 709 AND
686 676 913 708 GOYLAKE
944 675 1001 708 TO
1033 674 1241 707 MARGAM
1271 674 1442 707 ABBEY.

693 757 866 801 [MARGAM
890 757 1082 798 CHAR'rmz]

194 839 303 872 Sciant
334 841 496 881 presentes
525 843 557 871 et
587 839 690 871 futuri
721 840 808 881 quod
839 839 981 871 THOMAS
1012 838 1157 871 Gnfflns
1187 838 1261 869 dedi
1288 840 1321 869 et
1345 837 1480 869 concessi
1507 840 1539 869 et
1562 837 1622 868 hae

148 908 290 950 presenti
313 910 402 940 oarta
423 919 494 940 mea
517 907 703 940 confirmavi
726 907 768 940 D.
787 910 819 940 et
841 919 868 939 e.
887 907 928 940 B.
953 907 999 939 M.
1017 908 1056 939 de
1079 907 1126 939 M.
1145 909 1176 938 et
1198 918 1240 938 m.
1258 907 1278 938 i.
1296 906 1338 938 D.
1357 917 1379 938 s.
1396 906 1431 937 in
1454 916 1568 948 puram
1592 907 1623 937 et

150 979 339 1018 perpetuam
363 976 569 1008 elemosinam
587 1001 593 1008 .
618 987 675 1018 pro
699 977 800 1008 salute
826 976 932 1008 anime
955 987 1023 1008 mee
1046 978 1079 1008 et
1101 978 1335 1007 antecessorum
1357 977 1389 1006 et
1412 984 1624 1006 successorum

150 1055 295 1077 meorum
312 1071 318 1076 .
336 1047 438 1077 totam
462 1047 579 1077 terram
594 1056 699 1077 meam
714 1045 748 1077 in
766 1046 899 1087 longum
915 1048 946 1076 et
962 1045 1065 1076 latum
1080 1044 1166 1076 infra
1188 1043 1245 1075 hos
1267 1043 1420 1075 terminos
1444 1068 1450 1073 .
1476 1042 1622 1073 videlicet

150 1114 303 1155 quioquid
332 1116 416 1146 terre
447 1114 629 1146 continetur
655 1114 740 1146 inter
773 1114 914 1146 rivulum
945 1114 1000 1156 qui
1030 1113 1148 1145 dieitur
1178 1112 1343 1144 Govrin
1373 1111 1494 1143 habens
1518 1111 1622 1153 ipsum

149 1182 292 1214 rivulum
313 1193 351 1214 ex
375 1185 466 1224 parte
488 1183 621 1214 australi
644 1186 676 1215 et
700 1185 819 1215 terram
843 1194 904 1225 que
920 1185 1050 1215 vocatur
1071 1181 1307 1214 LANGELONDE
1331 1192 1370 1212 ex
1393 1183 1482 1222 parte
1498 1182 1623 1221 septen-

151 1250 280 1282 trionali
298 1276 304 1281 .
322 1252 354 1282 et
376 1262 415 1282 ex
438 1253 529 1292 parte
551 1251 700 1283 orientali
726 1254 845 1283 terram
869 1262 929 1293 que
945 1251 1107 1293 quondam
1130 1250 1194 1282 fuit
1216 1249 1370 1281 Hmmm
1395 1248 1541 1280 BARATH
1560 1273 1565 1278 .
1583 1259 1623 1279 ex

152 1321 242 1361 parte
258 1330 332 1351 vero
348 1319 539 1351 occidentali
557 1345 562 1350 .
581 1322 700 1351 terram
719 1319 842 1352 Amen:
859 1319 1012 1352 GnAm-s.
1059 1318 1175 1351 Totam
1191 1318 1273 1350 hane
1289 1321 1407 1349 terram
1422 1316 1506 1348 infra
1523 1317 1624 1348 dio-tas

151 1387 268 1419 divisas
283 1398 356 1419 oum
373 1387 522 1420 omnibus
537 1388 742 1430 pertinenciis
755 1389 821 1420 suis
839 1389 914 1421 dedi
926 1388 1018 1420 dietis
1034 1387 1198 1420 monachis
1213 1386 1394 1418 habendam
1406 1389 1437 1418 et
1453 1385 1626 1417 tenendam

149 1455 210 1487 sibi
233 1459 264 1487 et
288 1456 518 1488 successoribus
541 1457 605 1489 suis
628 1458 667 1489 de
691 1467 743 1489 me
766 1460 797 1488 et
822 1457 992 1489 heredibus
1014 1457 1092 1488 meis
1118 1483 1122 1488 .
1146 1456 1244 1487 libere
1267 1481 1272 1486 .
1291 1455 1422 1497 quiete.
1441 1457 1472 1485 et
1495 1453 1623 1495 pacifice

148 1523 376 1565 inperpetuum
405 1528 536 1567 excepta
567 1537 631 1557 una
662 1537 733 1557 acra
763 1529 846 1557 terre
877 1525 962 1557 infra
989 1526 1114 1557 easdem
1145 1525 1262 1556 divisas
1288 1535 1384 1565 quam
1411 1522 1624 1554 WxLLELMUs

149 1591 392 1624 FRANKELEYN
409 1594 448 1625 de
464 1605 515 1625 me
531 1596 629 1626 tenet..
676 1594 721 1626 Et
745 1605 805 1637 ego
828 1597 860 1626 et
884 1594 1014 1626 heredes
1036 1594 1100 1626 mei
1119 1594 1237 1625 dietam
1253 1596 1369 1624 terram
1387 1603 1459 1623 oum
1475 1590 1623 1623 omnibus

150 1660 354 1701 pertinenciis
371 1662 436 1693 suis
454 1688 459 1693 .
479 1666 509 1694 et
534 1662 736 1695 libertatibus
760 1663 854 1695 dictis
876 1663 1040 1695 monachis
1062 1666 1171 1694 eontra
1195 1672 1303 1693 omnes
1326 1660 1475 1692 mortales
1498 1670 1620 1690 waran-

150 1727 319 1761 tizabimus
350 1730 586 1773 inperpetuum.
647 1732 692 1764 Et
719 1736 755 1764 ut
781 1733 839 1765 heo
867 1733 999 1764 donacio
1030 1743 1101 1764 mea
1125 1736 1196 1763 rata
1222 1734 1252 1763 et
1280 1729 1404 1762 stabilis
1435 1730 1620 1771 permaneat

148 1796 374 1838 inperpetuum
392 1823 398 1829 .
417 1802 597 1840 presentem
613 1804 735 1832 cartam
751 1801 851 1844 sigilli
866 1801 929 1833 mei
944 1800 1149 1843 impressione
1164 1799 1318 1832 roboravi.
1366 1798 1443 1830 Hiis
1459 1796 1592 1830 testibus
1610 1822 1615 1828 .

152 1863 343 1897 WILLELMO
361 1866 600 1899 Fun-mmm
618 1894 624 1900 .
643 1868 812 1901 Pmmppo
827 1870 867 1902 de
883 1869 1033 1902 Commu
1053 1894 1057 1900 .
1082 1869 1258 1901 MAummo
1278 1867 1450 1900 GRAMMUS
1468 1891 1474 1897 .
1492 1865 1617 1897 Tuom

148 1932 188 1964 de
204 1931 355 1965 Commu
375 1959 381 1965 .
400 1934 517 1967 DAvu)
536 1935 708 1968 WAsMEm
725 1963 730 1968 .
749 1940 781 1970 et
796 1938 875 1970 aliis.

191 1999 414 2034 Endorsed—‘
429 2002 525 2036 Carta
558 2004 681 2037 'rhome
714 2005 854 2039 Gramus
883 2007 922 2038 de
954 2007 1091 2048 quadam
1122 2008 1206 2038 terra
1235 2005 1319 2036 'mter
1356 2002 1547 2046 Langelond
1586 2004 1617 2033 et

150 2068 320 2110 Goylake.⁷

303 2367 355 2392 4v
