1820 2548
234 195 316 226 1122

185 351 286 394 ipsius
315 352 437 384 Bmmr.
468 354 629 394 procreato
661 377 667 384 .
700 353 776 384 tunc
812 353 883 394 post
917 352 1079 383 decessum
1108 351 1249 394 ipsorum
1279 350 1402 383 domini
1431 350 1585 383 Romam
1615 352 1650 383 et

186 419 309 452 Bruma
325 421 503 462 predictum
519 420 698 452 manerium
713 422 745 452 et
761 419 927 452 advocaeio
942 419 1084 462 predicta
1099 430 1171 452 cum
1186 418 1390 461 pertinenciis
1404 418 1530 461 integre
1544 430 1645 451 rema-

187 488 309 520 nebunt
325 488 476 521 Rchnno
493 489 584 520 fratri
601 488 746 531 ejusdem
761 488 884 520 domini
900 487 1054 520 Romsn'rl
1070 490 1102 520 et
1117 487 1286 520 heredibus
1300 487 1449 520 masculis
1463 488 1503 519 de
1519 498 1648 530 corpore

186 567 242 588 suo
257 557 435 599 procreatis.
483 556 673 589 Tenendum
689 557 728 588 de
744 556 933 598 capitalibus
947 556 1084 588 dominis
1096 556 1182 588 feodi
1193 556 1280 588 illius
1294 567 1351 598 per
1365 555 1508 598 predicta
1517 555 1648 588 servicia,

185 625 267 657 sicut
293 626 470 667 predictum
498 628 545 657 est
567 625 601 657 in
626 628 824 667 perpetuum.
871 625 917 657 Et
943 625 969 657 si
993 625 1160 667 contingat
1185 625 1271 666 quod
1291 624 1452 666 predictus
1472 624 1649 656 Rxcsnnus

185 692 297 725 obierit
325 694 393 726 sine
416 694 531 726 herede
556 694 695 726 masculo
722 694 762 725 de
782 704 910 735 corpore
933 704 988 725 suo
1009 693 1150 735 predicto
1170 695 1248 724 tunc
1270 695 1342 735 post
1361 693 1523 724 decessum
1545 692 1646 734 ipsius

185 760 333 793 RmARm
360 762 538 803 predictum
565 761 744 793 manerium
771 763 803 793 et
830 761 996 793 advocaeio
1023 760 1165 803 predicte.
1191 771 1263 792 cum
1292 760 1495 802 pertinentiis
1519 760 1646 803 integre

184 829 395 862 remanebunt
415 830 436 863 J
439 841 571 862 OHANNI
595 829 686 861 fratri
707 829 851 872 ejusdem
878 829 1024 861 RICARDI
1046 831 1078 861 et
1097 828 1266 860 heredibus
1288 829 1437 860 masculis
1459 829 1499 861 de
1517 839 1644 870 corpore

183 909 239 929 suo
255 899 433 940 procreatis.
480 897 670 930 Tenendum
687 898 725 929 de
741 897 930 939 capitalibus
945 897 1082 929 dominis
1094 896 1180 928 feodi
1191 897 1278 928 illius
1290 908 1346 938 per
1357 896 1498 938 predicta
1513 896 1644 928 servicia.

182 966 263 998 sicut
285 967 463 1008 predictum
487 969 533 998 est
556 967 590 998 in
613 968 812 1008 perpetuum.
866 965 913 997 Et
935 965 961 997 si
984 965 1150 1007 contingat
1172 965 1258 1007 quod
1280 965 1441 1007 predictus
1462 964 1644 997 Jommnns

182 1034 295 1067 obierit
312 1035 378 1066 sine
393 1035 509 1067 herede
525 1035 664 1066 masculo
681 1035 720 1066 de
743 1045 871 1076 corpore
892 1045 948 1065 suo
971 1035 1134 1075 procreato
1152 1059 1156 1064 .
1175 1035 1252 1064 tunc
1274 1035 1346 1074 post
1368 1033 1529 1065 decessum
1544 1033 1645 1075 ipsius

182 1102 204 1135 J
206 1114 356 1134 oquxls
378 1103 557 1145 predictum
583 1103 763 1134 manerium
785 1105 817 1134 et
841 1102 1007 1134 advocaeio
1029 1101 1171 1144 predicta
1193 1113 1265 1133 cum
1287 1101 1492 1143 pertinenciis
1517 1101 1645 1144 integre

181 1171 391 1203 remanebunt
415 1171 538 1203 Auem
560 1171 657 1203 sorori
677 1171 822 1213 ejusdem
842 1170 864 1203 J
866 1181 1016 1202 OHANNIS
1037 1172 1069 1202 et
1090 1169 1260 1202 heredibus
1282 1169 1431 1202 masculis
1453 1170 1492 1201 de
1514 1180 1642 1212 corpore

181 1250 237 1271 suo
252 1240 432 1281 procreatis.
479 1238 670 1271 Tenendum
682 1240 722 1270 de
734 1238 923 1280 capitalibus
935 1238 1073 1270 dominis
1084 1238 1171 1269 feodi
1186 1238 1273 1269 illius
1288 1249 1344 1279 per
1358 1238 1501 1279 predicta
1512 1238 1643 1270 servicia

180 1308 261 1340 sicut
284 1308 462 1349 predictum
486 1311 532 1339 est
549 1308 582 1339 in
600 1310 798 1349 perpetuum.
845 1307 891 1338 Et
912 1307 938 1339 si
954 1307 1120 1349 contingat
1136 1307 1221 1349 quod
1235 1306 1377 1348 predicta
1393 1306 1515 1338 AmctA
1528 1306 1642 1338 obierit

181 1377 247 1408 sine
263 1376 378 1407 herede
393 1377 532 1408 masculo
548 1377 587 1408 de
603 1387 731 1418 corpore
747 1387 802 1407 suo
819 1379 980 1418 procreato
997 1401 1003 1407 .
1021 1379 1098 1407 tunc
1120 1380 1190 1417 post
1213 1376 1374 1406 decessum
1397 1375 1496 1416 ipsius
1518 1375 1641 1406 Amcm

178 1445 356 1487 predictum
373 1445 551 1476 manerium
568 1449 598 1476 et
616 1444 782 1475 advocacie
798 1444 941 1486 predicta
964 1455 1035 1475 cum
1058 1443 1261 1485 pertinentiis
1283 1443 1408 1485 integre
1430 1442 1642 1475 remanebunt

179 1512 317 1544 Summe
339 1513 435 1544 sorori
457 1512 601 1554 ejusdem
624 1513 745 1543 Amen:
769 1515 800 1544 et
821 1512 991 1544 heredibus
1011 1511 1158 1543 masculis
1178 1512 1217 1543 de
1237 1523 1364 1553 corpore
1385 1523 1441 1543 suo
1460 1511 1641 1553 procreatis.

179 1580 369 1612 Tenendum
386 1581 425 1612 de
441 1580 630 1622 capitalibus
645 1580 783 1612 dominis
798 1580 885 1612 feodi
900 1580 986 1611 illius
1001 1591 1057 1621 per
1072 1580 1214 1622 predicta
1226 1579 1357 1611 servicia
1369 1579 1450 1611 sicut
1461 1579 1639 1622 predictum

180 1652 225 1680 est
249 1649 282 1680 in
305 1652 504 1690 perpetuum.
552 1648 595 1680 Et
620 1660 678 1690 ego
703 1660 775 1680 vero
798 1648 958 1689 predictus
981 1647 1195 1680 W1LLELMUs
1216 1650 1247 1679 et
1268 1647 1398 1679 heredes
1416 1647 1479 1679 mei
1494 1647 1643 1679 warenti-

179 1717 322 1749 zabimus
338 1717 456 1748 eisdem
472 1717 602 1748 domins)
620 1717 778 1747 Rosmzro
794 1719 825 1748 et
847 1716 969 1748 BURGE
986 1719 1017 1747 et
1040 1715 1208 1748 heredibus
1231 1716 1294 1747 suis
1317 1715 1465 1757 predictis
1487 1717 1520 1747 et
1541 1715 1642 1747 eciam

179 1785 283 1816 eidem
300 1785 453 1816 RICARDO
470 1788 499 1817 et
516 1784 685 1816 heredibus
701 1785 765 1816 suis
780 1785 930 1826 predictis
948 1784 973 1815 si
995 1785 1155 1825 predictus
1170 1784 1317 1816 dominus
1335 1783 1514 1815 Rossssurus
1529 1783 1642 1815 obierit

180 1854 248 1884 sine
266 1853 381 1884 herede
405 1854 444 1885 de
467 1864 595 1895 corpore
621 1853 721 1895 ipsius
747 1853 870 1884 Bene-E
896 1856 1057 1894 procreato
1082 1878 1087 1882 .
1114 1852 1159 1884 Et
1182 1853 1277 1884 etiam
1303 1853 1406 1884 eidem
1428 1852 1584 1884 JOHANNI
1610 1853 1642 1883 et

181 1920 350 1952 heredibus
373 1921 436 1952 suis
460 1921 608 1963 predictis
631 1921 656 1952 si
684 1921 844 1962 predictus
870 1921 1042 1952 RmARDUS
1073 1920 1186 1952 obierit
1209 1921 1276 1952 sine
1299 1920 1412 1952 herede
1439 1920 1579 1952 masculo
1601 1920 1641 1952 de

183 2000 309 2030 corpore
333 2000 388 2020 suo
412 1992 574 2030 procreato
599 2015 604 2020 .
631 1989 675 2021 Et
699 1989 798 2020 eciam
821 1989 922 2020 eidem
950 1989 1072 2021 Auem
1096 1993 1127 2021 et
1157 1988 1326 2021 heredibus
1351 1989 1415 2020 suis
1445 1988 1594 2030 predictis
1615 1988 1642 2020 si

183 2057 343 2098 predictus
365 2056 386 2088 J
389 2067 546 2088 OHANNES
569 2057 681 2089 obierit
705 2057 772 2089 sine
794 2057 909 2089 herede
931 2057 1070 2089 masculo
1093 2058 1133 2089 de
1156 2068 1283 2099 corpore
1305 2068 1361 2088 suo
1384 2058 1545 2098 procreato
1566 2082 1571 2087 .
1597 2055 1643 2087 Et

183 2125 282 2156 eciam
298 2124 400 2156 eidem
416 2124 555 2157 Summa
578 2128 609 2156 et
631 2125 802 2157 heredibus
825 2125 890 2157 suis
911 2125 1062 2167 predictis
1084 2125 1109 2157 si
1132 2125 1272 2167 predicta
1294 2125 1418 2156 Amen
1442 2124 1555 2156 obierit
1575 2123 1645 2156 sine

182 2192 297 2224 herede
313 2176 452 2224 masculo
468 2193 506 2224 de
524 2204 650 2235 corpore
665 2205 721 2225 suo
742 2196 904 2235 procreato
922 2219 928 2225 .
945 2193 1124 2236 predictum
1146 2193 1324 2225 manerium
1348 2195 1379 2224 et
1402 2192 1642 2224 advocacionem

182 2261 357 2302 predictam
373 2272 444 2292 eum
461 2261 661 2302 pertinentiis
672 2261 752 2294 sicut
766 2261 944 2303 predictum
956 2265 1002 2293 est
1018 2264 1127 2293 contre
1143 2273 1251 2293 omnes
1267 2263 1378 2303 gentes
1393 2261 1427 2292 in
1443 2262 1641 2302 perpetuum.

1812 2120 1820 2371 iA-.—,..*..
