1820 2548
1548 188 1609 219 921

831 341 1013 374 DCCCIX.

191 422 549 456 UNDERTAKLNG
578 422 637 455 OF
667 422 842 455 LEISAN
872 423 973 456 AND
1005 423 1177 464 OWEIN,
1208 423 1321 456 SONS
1352 425 1411 457 OF
1441 425 1652 467 MORGAN,

301 491 608 524 CONCERNING
652 491 869 524 PASTURE
922 492 1054 525 LAND
1109 493 1164 525 IN
1227 493 1326 525 THE
1375 494 1542 527 MARSH
1594 496 1653 529 OF

299 560 474 600 AVENE,
516 560 666 594 GIVEN
704 560 761 593 ΤΟ
796 560 1005 593 MARGAM
1041 561 1214 594 ABBEY.

651 641 781 685 [Hau.
807 642 982 683 CHARTmz,
1000 644 1040 675 75
1065 643 1099 676 Ο,
1125 643 1195 687 36.]

236 723 393 756 Omnibus
414 724 529 756 Sancte
546 724 674 756 ecclesie
689 724 764 756 filiis
784 725 825 756 ad
845 736 924 766 quos
942 736 1070 767 presens
1088 725 1241 768 scriptum
1258 727 1438 768 pervenerit
1456 727 1602 761 LmssAN
1623 733 1655 763 et

194 792 316 824 mex
334 793 391 824 filii
407 792 573 824 MORGANI
589 793 733 825 salutem.

233 861 347 894 Sciatis
367 873 425 894 nos
442 862 600 904 pepigisse
616 862 778 894 monachis
793 863 832 894 de
848 862 1002 894 MARGAN
1019 867 1051 895 et
1065 863 1248 906 juramento
1269 864 1409 897 firmasse
1425 867 1511 907 quod
1526 878 1583 899 nec
1599 879 1657 900 nos

192 942 250 963 nec
269 931 370 973 aliqui
388 931 556 963 hominum
577 931 749 973 aliquando
768 931 957 964 fossabimus
982 935 1037 964 aut
1061 933 1221 965 arabimus
1242 936 1360 965 terram
1384 945 1444 976 que
1466 934 1551 977 jacet
1574 936 1659 968 inter

191 999 355 1034 WALDAM
378 1000 576 1032 ANGLORUM
600 1003 631 1033 et
654 1001 774 1033 MELEs
797 1001 831 1033 in
856 1002 989 1034 marisco
1014 1003 1053 1034 de
1079 1002 1214 1034 AvEmz.
1261 1002 1350 1035 Nam
1372 1005 1536 1045 pasturam
1559 1005 1660 1037 tocius

193 1072 275 1101 terre
290 1072 358 1101 tam
374 1069 502 1101 arabilis
517 1081 614 1111 quam
630 1081 695 1102 non
711 1069 840 1102 arabilis
855 1070 890 1102 in
911 1070 1023 1102 MEL1S
1041 1097 1046 1103 .
1065 1071 1099 1103 in
1114 1083 1203 1103 mora
1220 1097 1226 1103 .
1244 1071 1278 1103 in
1299 1072 1433 1104 marisco
1452 1073 1660 1105 concessimus

191 1138 341 1180 predictis
361 1137 524 1170 monachis
546 1140 578 1170 et
596 1139 744 1170 dedimus
763 1138 798 1170 in
819 1139 1024 1171 elemosinam
1045 1140 1128 1171 inter
1148 1139 1274 1171 AVENE
1301 1143 1333 1172 et
1354 1140 1530 1182 cappellam
1552 1140 1661 1173 Sancti

193 1204 320 1236 ΤΗΟΜΕ
343 1207 409 1236 tam
433 1216 490 1236 nos
512 1216 609 1247 quam
632 1208 722 1247 pater
744 1208 851 1237 noster
874 1205 1067 1237 MoRoAm·s
1090 1217 1147 1248 pro
1172 1217 1226 1238 xx.
1250 1206 1359 1238 solidis
1380 1207 1549 1239 annuatim
1572 1208 1662 1241 nobis

194 1273 270 1305 inde
285 1273 510 1315 persolvendis.
557 1273 634 1305 Hiis
649 1273 783 1306 testibus
800 1299 807 1306 .
825 1273 1006 1306 WORGANO
1023 1275 1186 1316 capellano
1210 1275 1250 1306 de
1265 1274 1391 1307 Avmm
1409 1300 1415 1306 .
1434 1275 1575 1308 Romano
1596 1277 1662 1308 filio

193 1340 295 1372 Yuok
312 1366 318 1372 .
336 1340 453 1372 DAvm
476 1339 634 1372 Pomm
652 1366 658 1372 .
676 1341 867 1373 HERBERTO
883 1341 1029 1373 PALMER
1047 1368 1053 1373 .
1072 1341 1266 1374 annnmo
1283 1342 1348 1374 filio
1364 1342 1497 1375 ALEWI.

238 1409 358 1442 Round
373 1409 448 1448 seal,
460 1410 517 1441 red
532 1421 613 1449 wax,
628 1410 714 1452 l·}in.
731 1410 827 1442 diam.
873 1409 906 1442 A
922 1411 1033 1443 dexter
1048 1410 1137 1442 hund
1152 1411 1216 1443 and
1232 1411 1341 1443 vested
1357 1422 1424 1443 arm
1441 1411 1564 1454 issujng
1579 1412 1663 1445 from

192 1476 248 1508 the
267 1487 381 1519 proper
396 1475 466 1516 left,
482 1477 637 1519 grasping
652 1488 671 1508 a
686 1477 867 1520 lance-flag.
1181 1458 1184 1463 ι

635 1548 690 1581 ‘4—
719 1545 1228 1577 s101LL'.11‹)........x1.'

240 1612 460 1645 Endorsed—-‘
473 1612 591 1645 Leisan
608 1616 639 1645 et
656 1613 767 1646 Owein
783 1614 822 1646 de
838 1614 972 1646 marisco
988 1615 1027 1646 de
1043 1614 1179 1647 Avene.'

844 1871 1006 1904 DCCCX.

214 1952 377 1986 GRANT
422 1951 487 1985 BY
531 1951 743 1992 MORGAN,
785 1951 873 1984 SON
918 1952 978 1985 OF
1021 1952 1234 1992 MORGAN,
1276 1953 1335 1984 OF
1380 1953 1478 1985 THE
1523 1953 1637 1987 NEW

441 2020 610 2054 MARSH
640 2020 699 2053 OF
728 2021 874 2060 AVAN,
905 2021 963 2053 ΤΟ
994 2021 1203 2054 MARGAM
1232 2021 1405 2054 ABBEY.

729 2101 903 2145 [MARGAM
929 2102 1119 2144 CHARTER]

234 2184 344 2217 Sciant
372 2195 481 2216 omnes
504 2187 571 2216 tam
601 2195 632 2226 p.
657 2196 686 2226 q.
711 2183 735 2215 f.
760 2184 846 2225 quod
877 2195 935 2226 ego
960 2183 1152 2215 MORGANUS
1175 2184 1260 2216 filius
1282 2183 1447 2215 MoaoAm
1472 2194 1529 2225 pro
1552 2184 1654 2217 salute
1708 2178 1712 2180 Ἴ

191 2252 297 2285 anime
315 2263 384 2284 mee
405 2253 541 2284 concessi
559 2253 630 2285 Deo
646 2256 677 2285 et
697 2253 736 2285 B.
754 2253 801 2285 M.
819 2254 858 2285 de
874 2252 1026 2285 MARGAN
1045 2255 1076 2285 et
1091 2264 1133 2285 m.
1150 2253 1171 2285 i.
1189 2252 1232 2284 D.
1252 2263 1275 2284 s.
1292 2263 1412 2284 novum
1428 2252 1598 2284 mariscum
1615 2253 1655 2285 de

344 2358 397 2385 50
