1820 2548
1499 174 1561 205 839

136 327 176 359 de
191 327 320 358 redditu
336 326 553 359 WALENsitJM
569 325 689 357 ibidem
704 326 746 356 ad
762 326 899 357 eundem
921 326 1104 357 terminum.
1151 325 1197 357 Et
1220 326 1260 357 de
1284 337 1346 357 Vis.
1371 326 1460 358 libris
1484 338 1599 359 xan-s:

134 395 268 437 receptis
293 396 332 427 de
357 394 540 427 tenentibus
566 394 601 425 in
624 394 788 426 montanis
815 398 848 426 et
871 395 958 436 apud
984 394 1191 426 Russnssmx
1222 406 1338 426 novam
1369 395 1538 437 grangiam
1569 399 1600 428 et

136 463 343 496 TYRHUNDR’
361 475 417 505 per
431 463 516 495 idem
531 465 666 504 tempus.
714 461 760 493 Et
775 473 840 493 non
864 462 935 504 plus
958 462 1034 504 quia.
1057 465 1202 494 tenentes
1224 463 1280 504 qui
1303 463 1448 495 solebant
1469 464 1601 495 reddere

135 542 202 563 ωας.
222 534 279 563 md.
297 533 340 563 ob.
358 543 414 573 per
429 531 514 563 idem
530 534 656 572 tempus
677 530 838 562 interfect-i
854 531 987 562 fuerunt
1003 531 1037 562 in
1053 531 1169 562 ultima
1186 542 1309 573 guerra.
1355 531 1402 563 Et
1417 534 1600 564 tenemento.

135 611 244 632 eorum
259 600 366 642 jacent
383 602 472 632 vasta
488 600 563 642 quia
579 611 643 631 non
659 602 834 642 potuerunt
847 599 943 630 vendi
960 611 1016 641 pro
1032 599 1160 631 defectu
1172 604 1362 641 emptorum.
1409 600 1460 632 De
1471 601 1601 633 redditu

134 669 353 700 advocacionis
368 668 467 700 nichil
482 679 538 710 per
553 668 639 699 idem
654 670 781 709 tempus
797 669 872 710 quia
896 668 1028 709 quidam
1052 668 1195 700 extranei
1217 672 1411 701 recesserunt
1435 670 1474 701 de
1496 669 1601 711 patria

133 748 227 769 causa
242 748 356 779 guerre
372 737 522 778 predicte.
569 735 702 768 Summa
721 738 800 767 xvli.
820 739 918 768 and.

177 805 295 837 Exitus
317 805 460 836 manerii.
508 805 553 836 Et
577 805 616 836 de
641 815 724 836 111J-s.
752 805 886 847 receptis
913 805 952 836 de
983 816 1022 836 1J.
1056 805 1188 836 summis
1215 805 1293 837 ferri
1317 806 1456 838 venditis
1482 805 1602 838 ibidem

133 885 190 916 per
212 875 297 905 idem
321 876 456 915 tempus.
517 874 561 905 Et
579 874 618 905 de
642 884 694 904 ως.
727 873 860 915 receptis
883 874 922 904 de
946 884 988 904 cc.
1014 873 1107 905 discis
1135 873 1254 905 ibidem
1278 874 1416 906 venditis
1438 886 1494 916 per
1517 875 1603 906 idem

132 945 267 985 tempus,
330 942 375 974 Et
415 943 454 974 de
492 953 575 974 111J8.
620 942 754 984 receptis
797 943 836 973 de
874 941 998 973 duobus
1037 942 1224 984 esperveriis
1261 942 1525 984 provenientibus
1563 944 1604 975 de

131 1011 216 1043 aeria
238 1011 359 1043 ibidem
381 1013 516 1053 tempus.
564 1010 615 1042 De
639 1009 828 1042 carbonibus
853 1010 953 1042 nichil
976 1022 1032 1052 per
1054 1010 1140 1042 idem
1162 1013 1289 1053 tempus
1312 1022 1370 1052 pro
1386 1011 1514 1043 defectu
1530 1023 1602 1053 ope-

131 1080 288 1111 rariorum
312 1079 440 1111 ibidem.
488 1079 539 1111 De
562 1083 692 1120 pastura
715 1083 746 1110 et
769 1079 840 1110 aliis
863 1078 1001 1111 exitibus
1026 1078 1111 1111 bosci
1135 1079 1255 1111 ibidem
1281 1079 1363 1111 nihil
1390 1091 1446 1121 pro
1474 1079 1602 1112 defectu

132 1154 321 1190 emptorum.
389 1147 434 1179 Et
457 1148 496 1179 de
520 1148 690 1179 wodasken
713 1147 796 1178 nihil
818 1159 874 1189 per
897 1147 982 1178 idem
1004 1150 1131 1189 tempus
1154 1159 1211 1189 pro
1236 1147 1367 1180 defectu
1387 1148 1604 1190 operariorum

131 1228 225 1248 causa
240 1227 363 1258 guerre.
410 1215 461 1247 De
478 1219 607 1257 pastura
622 1215 704 1247 nihil
721 1215 840 1247 ibidem
856 1227 912 1257 per
936 1216 1021 1247 idem
1036 1218 1163 1258 tempus
1185 1227 1243 1258 pro
1267 1216 1396 1248 defectu
1411 1219 1601 1258 emptorum.

131 1283 182 1316 De
205 1284 305 1326 pratis
327 1283 447 1316 ibidem
477 1283 577 1315 nichil
606 1295 662 1325 per
692 1283 778 1315 idem
808 1286 934 1325 tempus
965 1284 1040 1325 quia
1069 1283 1234 1316 submersa
1264 1283 1398 1316 fuerunt
1428 1296 1485 1327 per
1514 1296 1601 1317 mare

133 1353 272 1394 exceptis
289 1363 342 1384 xv.
366 1352 445 1384 acris
468 1363 529 1394 que
552 1352 667 1383 falcate
690 1351 823 1383 fuerunt
845 1363 902 1393 pro
926 1352 1001 1384 feno
1023 1352 1171 1384 habendo
1194 1353 1235 1384 ad
1257 1364 1355 1394 equos
1378 1353 1602 1385 constabularii

128 1432 185 1463 per
206 1421 292 1453 idem
315 1425 442 1463 tempus
464 1424 496 1452 et·
518 1431 576 1462 pro
605 1420 695 1462 equis
717 1420 910 1452 vicecomitis
941 1421 974 1452 in
1005 1421 1146 1452 adventu
1172 1432 1228 1452 suo
1255 1432 1312 1463 pro
1340 1421 1426 1452 curia
1448 1422 1597 1454 tenenda.

132 1489 264 1522 Summa
282 1501 326 1521 xx.

173 1557 291 1589 Exitus
313 1558 520 1600 piscariarum
550 1560 581 1589 et
612 1558 868 1599 perquisitorum.
925 1557 970 1589 Et
993 1558 1032 1590 de
1058 1569 1118 1589 ixs.
1143 1558 1278 1599 receptis
1302 1559 1342 1590 de
1365 1557 1504 1590 exitibus
1534 1559 1597 1601 pis-

127 1627 283 1658 cariarum
299 1627 338 1657 de
355 1625 558 1658 GLYNNETH'
576 1629 607 1658 et
624 1625 787 1658 GLYNTAF
804 1638 859 1667 per
874 1626 960 1658 idem
976 1629 1113 1668 tempus.
1162 1626 1207 1658 Et
1223 1627 1263 1658 de
1289 1637 1373 1658 xlxx.
1394 1629 1438 1658 Jd.
1464 1627 1597 1668 receptis

129 1695 168 1726 de
183 1694 365 1736 perquisitis
380 1694 539 1726 curiarum
555 1694 690 1726 manerii
702 1695 741 1726 de
757 1694 894 1726 NEETH.
941 1694 1075 1727 Summa.
1086 1706 1228 1726 xxvum.
1245 1697 1290 1727 Jd.
1337 1694 1471 1727 Summa
1486 1696 1596 1727 totalis

128 1768 252 1805 recepte
269 1764 364 1793 valt'.
383 1772 466 1793 mxx.
486 1764 544 1793 md.

713 1865 1004 1898 Ktmfflnssmmu.

170 1965 330 1998 Redditus
352 1965 455 1998 assise.
510 1965 604 1997 Idem
626 1967 795 2008 respondet
817 1967 856 1999 de
880 1978 1042 2000 xxxanS.
1060 1970 1128 2000 vsd.
1146 1969 1185 2000 de
1215 1968 1393 2000 redditibus
1415 1968 1510 2000 assise
1533 1980 1590 2010 per

125 2034 210 2066 idem
226 2039 352 2076 tempus
367 2038 395 2065 et
410 2045 467 2065 non
490 2036 558 2073 plns
581 2037 650 2075 quia
670 2037 774 2075 plures
798 2040 926 2067 tenentes
949 2039 1001 2077 qni
1021 2037 1152 2068 solebant
1168 2039 1288 2068 reddere
1308 2039 1455 2078 peridem
1473 2041 1586 2077 tempus

124 2113 207 2135 mxx.
227 2105 313 2135 111Jd.
332 2115 358 2144 q.
377 2106 528 2137 interlecti
550 2106 677 2139 fuerunt
699 2105 729 2134 iu
749 2106 854 2135 ultima
877 2116 988 2144 qum-ra
1013 2109 1039 2136 et
1066 2108 1230 2136 tenementa
1254 2116 1356 2137 eorum
1375 2107 1480 2145 jacent
1504 2110 1585 2136 rasta

123 2176 152 2203 et
175 2173 252 2202 nulli
273 2173 368 2202 emitas
392 2173 459 2202 inde
479 2175 620 2212 poterant
637 2174 737 2204 levari.
784 2172 836 2204 De
852 2183 906 2204 11J.
924 2173 1115 2205 molendinis
1130 2172 1250 2206 ibidem
1266 2173 1348 2206 nihil
1364 2174 1440 2216 quia
1455 2174 1586 2206 omnino

120 2240 279 2272 destructa
294 2239 427 2272 fuerunt
441 2239 476 2271 in
492 2239 607 2272 ultima
622 2251 746 2282 guerra.
794 2239 938 2273 Summa.
