1820 2548
220 149 283 180 886

785 303 1017 336 DGOLXXV.

173 384 334 417 GRANT
361 384 426 417 BY
448 384 639 417 MASTER
661 384 815 416 PETER
837 384 901 417 LA
925 385 1068 417 WARE
1094 385 1153 417 OF
1176 384 1439 417 BUILDINGS
1462 385 1632 418 UNDER.

280 452 341 485 ST.
375 452 688 485 AUGUSTINE'S
728 452 984 485 CELOETERY
1014 453 1076 485 AT
1106 453 1305 486 BRISTOL
1334 453 1391 485 TO
1423 453 1630 486 MARGAM

280 521 452 553 ABBEY.

709 563 882 606 [Minoa
906 563 1098 607 CHARTER]

215 645 324 677 Sciant
347 657 377 687 p.
396 651 426 677 et
442 646 465 677 f.
484 645 569 687 quod
590 655 649 687 ego
670 644 828 686 Magister
851 644 983 676 PETRcs
1002 645 1034 676 la
1050 645 1161 678 WARE
1181 656 1238 687 pro
1259 645 1361 677 salute
1381 645 1487 677 anime
1508 656 1577 677 mee
1598 649 1631 678 et

173 716 404 745 antecessorum
426 724 569 745 meorum
592 713 667 745 dedi
689 716 721 744 et
745 713 880 744 concessi
896 715 926 744 et
942 712 1000 744 hac
1017 713 1154 754 presenti
1171 716 1257 745 carta
1275 724 1346 745 mea
1362 713 1546 745 confirmavi
1560 713 1631 746 Deo

169 786 199 813 et
222 781 348 813 ecclesie
371 781 463 813 beate
486 781 605 813 Muzuz
625 781 664 812 de
684 780 838 812 MARGAN
862 783 893 812 et
916 780 992 812 viris
1012 781 1169 823 religiosis
1189 781 1308 813 ibidem
1330 781 1399 813 Deo
1421 781 1630 814 servientibus

170 850 293 881 edificia
322 861 393 881 mea
417 850 477 881 sita
505 849 563 881 sub
590 849 744 881 cimiterio
774 848 884 881 Sancti
909 850 1101 881 Anecsrmx
1126 849 1160 880 in
1184 848 1333 881 suburbio
1352 849 1533 881 BRISTOLLI
1558 860 1630 882 cum

174 918 308 960 gardino
339 918 530 949 extendente
561 917 601 949 ab
632 917 764 948 australi
795 917 914 959 angulo
943 917 1071 959 gardini
1103 917 1142 949 R.
1176 917 1287 948 Fixum
1317 917 1351 949 in
1383 917 1570 950 continuum
1600 920 1632 950 et

174 986 329 1018 directum
360 986 400 1018 ad
430 997 559 1017 murum
584 986 744 1028 quondam
773 985 942 1017 MAtRlcn
969 986 1007 1017 de
1034 984 1158 1017 Gfflm
1183 985 1215 1017 in
1242 996 1356 1028 puram
1382 989 1571 1028 perpetuam
1601 989 1634 1018 et

173 1053 306 1086 liberam
331 1054 543 1086 elemosinam.
591 1053 745 1086 Tenenda
772 1057 803 1085 et
828 1053 974 1085 habenda
998 1053 1078 1085 bene
1103 1056 1134 1085 et
1158 1054 1192 1085 in
1219 1065 1295 1095 paee
1319 1053 1416 1086 libere
1443 1056 1475 1086 et
1501 1054 1608 1096 quiete
1624 1080 1631 1086 .

175 1123 255 1154 sieut
270 1122 403 1154 liberam
419 1133 532 1164 puram
552 1126 584 1154 et
601 1125 788 1165 perpetuam
810 1122 1022 1154 elemosinam.
1069 1121 1113 1153 Et
1132 1124 1169 1154 ut
1187 1122 1339 1164 premissa
1356 1122 1453 1154 robur
1475 1122 1636 1155 firmitatis

173 1192 207 1223 in
223 1194 412 1234 perpetuum
429 1190 594 1223 obtineant
612 1217 618 1222 .
636 1191 777 1233 presenti
793 1191 907 1232 seripto
924 1190 1067 1233 sigillum
1083 1201 1190 1222 meum
1207 1190 1349 1232 apposui.
1382 1190 1459 1222 Hiis
1474 1189 1617 1223 testibus.

217 1259 418 1291 Entitled—‘
433 1258 529 1291 Carta
556 1259 707 1302 Magistri
737 1259 826 1291 Petri
855 1259 887 1290 la
912 1258 1010 1291 Ware
1040 1259 1079 1290 de
1109 1258 1239 1290 edificiis
1263 1257 1321 1290 sub
1347 1258 1501 1290 cimiterio
1525 1257 1636 1291 Sancti

175 1327 376 1370 Augustini?

786 1626 1036 1660 DCCLXXVI.

210 1709 371 1741 GRANT
402 1708 467 1741 BY
498 1708 653 1741 PETER
682 1708 747 1741 LA
777 1707 953 1740 WARRE
984 1707 1043 1739 OF
1073 1706 1205 1739 LAN'D
1236 1707 1290 1739 IN
1320 1707 1518 1740 BRISTOL
1549 1706 1607 1740 ΤΟ

706 1776 916 1809 MARGAM
946 1774 1116 1807 ABBEY.

717 1856 890 1900 [MARGAM
914 1855 1106 1898 Oxum-ER]

222 1938 332 1970 Sciant
355 1949 384 1980 p.
402 1943 434 1970 et
450 1938 473 1970 f.
487 1939 574 1981 quod
598 1949 658 1981 ego
680 1937 814 1970 Pssmus
832 1937 864 1969 la
880 1936 1016 1970 WARRE
1038 1936 1168 1968 clericus
1189 1947 1246 1979 pro
1267 1936 1368 1969 salute
1390 1936 1495 1969 anime
1514 1948 1584 1969 mee
1606 1940 1640 1970 et

179 2012 413 2038 antecessorum
429 2009 460 2038 et
479 2017 690 2038 successorum
710 2016 854 2037 meorum
870 2030 878 2037 .
895 2004 970 2036 dedi
992 2006 1025 2036 et
1045 2015 1129 2036 cone.
1147 2006 1179 2036 et
1193 2015 1224 2046 p.
1241 2015 1266 2036 e.
1284 2003 1366 2036 oonf.
1383 2003 1425 2036 D.
1443 2006 1474 2036 et
1490 2015 1516 2036 e.
1532 2003 1572 2036 B.
1589 2004 1637 2037 M.

181 2074 220 2105 de
239 2073 285 2105 M.
303 2077 335 2105 et
353 2084 394 2105 m.
418 2073 438 2105 i.
462 2074 504 2105 D.
523 2073 732 2105 servientibus
752 2076 853 2104 totam
875 2075 991 2104 terram
1013 2082 1118 2103 meam
1138 2082 1233 2113 quam
1255 2071 1340 2113 jacet
1359 2082 1466 2104 versus
1486 2071 1640 2105 Sanctum

181 2141 413 2173 Acmsssrixtm
429 2141 462 2173 in
478 2140 629 2174 suburbio
645 2141 826 2174 Bms‘mLm
845 2166 851 2172 .
869 2140 958 2172 illam
974 2139 1121 2172 videlicet
1136 2150 1197 2182 que
1211 2139 1297 2182 jacet
1311 2139 1395 2171 inter
1410 2143 1527 2172 terram
1542 2151 1638 2182 quam

184 2209 357 2242 Echnnth
382 2209 601 2242 GUNDEWINE
624 2209 729 2242 tenuit
751 2220 791 2241 ex
809 2220 875 2241 una
897 2210 987 2251 parte
1008 2232 1015 2239 .
1033 2210 1065 2240 et
1085 2210 1202 2240 terram
1223 2218 1319 2249 quam
1339 2206 1460 2240 MAMA
1483 2207 1581 2240 vidua
1601 2219 1640 2240 ex
