1820 2548
1523 148 1584 179 857

166 299 355 333 satisfecerit
379 325 386 332 .
408 300 509 333 dictas
531 304 595 333 tres
617 311 704 332 acras
726 301 854 343 pacifice
878 301 1018 344 recipiat.
1065 301 1107 333 In
1130 302 1223 344 cujus
1245 303 1291 334 rei
1314 303 1533 335 testimonium
1555 304 1629 336 huic

165 369 283 411 scripto
309 369 344 401 in
371 369 502 401 modum
529 368 719 411 cyrographi
744 368 829 401 facto
848 380 904 401 sua
930 369 1037 411 sigilla
1061 370 1246 402 alternatim
1270 373 1494 412 apposuerunt.
1552 371 1629 403 Hiis

163 437 299 469 testibus
315 463 322 469 .
342 437 448 470 ADAM
463 438 580 480 pistore
594 463 600 469 .
616 437 810 470 WILLELMO
823 437 932 469 TERRI
951 464 957 470 .
976 438 1092 470 DAvm
1108 438 1228 470 BENET
1242 464 1248 470 .
1262 439 1285 472 J
1287 450 1428 471 οΗΑΝΝΕ
1441 439 1603 471 Pmmum
1620 465 1628 472 .

165 505 327 538 Hmuuco
343 505 483 539 Wumc
499 531 505 538 .
523 505 545 538 J
547 516 688 538 ouANNE
703 505 800 538 Lonn
818 532 824 538 .
841 506 947 538 ADAM
964 506 1132 539 HERDING
1150 533 1156 539 .
1174 510 1207 539 et
1221 507 1332 539 multis
1348 508 1428 540 aliis.

208 574 286 607 Two
301 575 391 615 seals,
404 575 484 607 dna-k
501 586 598 617 green
614 586 694 607 wax.

209 644 237 675 l.
284 643 414 682 Round,
433 644 518 686 lssin.
534 643 631 675 diam.
677 644 710 675 A
726 646 791 675 star
807 643 841 676 of
856 643 946 686 eight
962 644 1069 686 points
1085 644 1198 676 within
1215 656 1233 676 a
1249 644 1367 677 double
1382 645 1563 687 quatrefoil.

206 710 396 753 Legend-‘
415 717 446 748 -1-
468 711 492 743 s'
517 722 565 743 HE
590 737 762 744 ......
787 712 846 744 ΡΗ’
865 724 872 744 :
890 712 1012 744 ALssx’.'

206 780 236 812 2.
283 779 422 812 Pointed
437 781 519 820 oval‚
537 781 622 822 lgin.
640 780 683 823 by
703 781 766 813 lin.
813 781 942 821 Device‚
959 793 978 813 a
994 782 1130 820 chali003
1155 781 1255 814 above
1276 783 1338 814 and
1362 782 1462 814 below
1479 782 1505 814 it
1520 794 1540 814 a
1555 786 1629 814 star.

205 848 431 891 Legend—‘s'
457 860 624 881 AMABILIE
642 860 734 881 FILIE
750 860 862 881 ALEXA
886 875 892 882 .
920 875 926 881 .
953 876 959 882 .
988 849 1005 878 .'

206 917 428 950 Endorsed‡-‘
440 917 555 950 Helias
570 918 655 950 filius
670 918 815 960 Philippi
831 918 1012 950 Alexandri
1028 919 1068 950 de
1085 920 1104 950 3
1121 918 1221 950 acris.'

797 1081 999 1114 DCOLVII.

165 1161 450 1198 QUIT-OLAJM
495 1161 560 1194 BY
617 1161 764 1194 RESUS
818 1162 880 1194 ΑΡ
934 1162 1111 1195 HOWEL
1164 1164 1226 1196 ΑΡ
1283 1164 1514 1196 CADUGAN
1571 1165 1631 1197 OF

415 1229 824 1262 CADUGANISLAND
863 1230 920 1263 ΤΟ
959 1231 1168 1264 MARGAM
1207 1232 1380 1264 ABBEY.

622 1311 752 1354 [HARL.
778 1311 953 1350 ΟΗΑΒΤΕΒ,
983 1313 1022 1344 75
1048 1312 1083 1346 O.
1110 1313 1175 1355 18.]
1364 1314 1466 1346 anm
1494 1316 1586 1347 1283.

205 1392 363 1425 Omnibus
388 1391 530 1424 Gnmsrl
559 1392 707 1425 fidelibus
731 1393 814 1425 hane
838 1397 1018 1435 presentem
1043 1397 1164 1426 cartam
1188 1395 1378 1437 inspecturis
1404 1396 1453 1427 vel
1473 1397 1630 1428 audituris

161 1460 272 1493 Rnsus
288 1472 328 1502 ap
344 1460 479 1492 HOWEL
495 1472 535 1503 ap
553 1460 718 1493 CADUGAN
737 1461 872 1493 salutem
888 1462 922 1493 in
939 1462 1080 1494 Domino
1096 1463 1334 1504 sempiternam.

201 1529 339 1561 Noverit
361 1529 552 1561 universitas
574 1532 678 1561 vestra
700 1541 751 1561 me
774 1531 959 1562 concessisse
983 1531 1140 1563 remisisse
1164 1536 1196 1563 et
1219 1531 1278 1563 hac
1302 1533 1441 1574 presenti
1457 1537 1543 1564 carta
1558 1544 1628 1565 mea

160 1598 361 1630 confirmasse
377 1609 412 1629 ae
428 1599 526 1629 eciam
544 1598 841 1640 quietumclaniasse
857 1610 914 1641 pro
934 1610 985 1631 me
1006 1602 1037 1631 et
1063 1600 1234 1632 heredibus
1258 1601 1338 1632 meis
1357 1605 1387 1632 et
1409 1602 1579 1643 assignatis
1594 1602 1628 1634 in

160 1670 350 1708 perpetuum
374 1666 446 1698 Deo
472 1669 503 1698 et
529 1667 656 1699 ecclesie
679 1667 770 1699 beate
794 1667 913 1699 MAmE
937 1669 976 1700 de
999 1668 1152 1701 MARGAN
1177 1672 1210 1701 et
1232 1669 1396 1701 monachis
1414 1669 1533 1701 ibidem
1557 1670 1627 1703 Deo

162 1734 371 1766 servientibus
394 1739 426 1766 et
448 1734 611 1766 servituris
635 1738 737 1767 totum
760 1735 813 1777 jus
836 1739 866 1767 et
890 1737 1039 1768 clamium
1064 1738 1151 1779 quod
1175 1737 1273 1769 habui
1289 1738 1339 1769 vel
1354 1737 1470 1769 habere
1486 1739 1575 1780 potui
1592 1739 1625 1770 in

161 1804 229 1834 tota
251 1804 336 1834 terra
365 1802 422 1834 illa
452 1814 513 1844 quc
543 1803 724 1845 appellatur
750 1804 1038 1837 CADUGAMSLAND
1065 1818 1126 1848 que
1157 1806 1287 1848 quidem
1317 1810 1402 1838 term
1430 1806 1516 1849 jacet
1542 1807 1626 1839 inter

158 1869 433 1903 WALTERISTONE
460 1874 492 1903 et
519 1871 763 1904 HOREGRAVAM
790 1873 885 1915 juxta
912 1885 1064 1916 magnam
1088 1875 1172 1906 viam
1194 1886 1256 1916 que
1276 1874 1365 1906 duoit
1388 1875 1427 1906 de
1453 1874 1623 1908 KEM‹21‹'1‹20

158 1949 266 1970 versus
292 1938 432 1971 Kmmm
458 1944 490 1971 et
515 1940 659 1971 semitam
687 1952 748 1982 quc
773 1941 862 1973 duc-it
886 1943 925 1974 de
950 1942 1207 1974 Tomxffixsrouss
1233 1954 1339 1975 versus
1365 1943 1622 1976 HOREGRAVAM.

155 2005 354 2039 Habeudum
378 2011 409 2039 et
432 2009 607 2040 tenendum
633 2034 639 2039 .
665 2008 762 2040 libere
786 2012 817 2041 ot
840 2011 946 2052 quiete
973 2009 1050 2041 bene
1074 2013 1105 2042 et
1128 2010 1256 2052 pacifice
1281 2036 1287 2042 .
1313 2010 1366 2042 Ita
1387 2013 1471 2053 quod
1488 2023 1545 2043 neo
1561 2023 1621 2054 ego

155 2086 213 2107 nec
228 2074 359 2107 heredes
373 2076 436 2107 mei
453 2087 509 2108 uec
526 2076 680 2119 assignati
697 2089 800 2119 neque
816 2078 914 2120 aliqui
931 2090 987 2120 per
1002 2090 1059 2110 nos
1082 2090 1137 2110 seu
1158 2090 1214 2120 pro
1238 2079 1329 2111 nobis
1349 2080 1403 2122 jus
1425 2080 1555 2122 aliquod
1572 2081 1621 2113 vel

154 2142 304 2175 clamium
320 2143 354 2175 in
370 2144 456 2176 dicta
471 2148 556 2176 terra
573 2156 645 2176 cum
662 2145 810 2178 omnibus
832 2147 1035 2188 pertinentiis
1058 2147 1234 2189 poterimus
1257 2148 1385 2190 exigere
1407 2153 1463 2180 aut
1487 2149 1621 2182 clamare

152 2210 187 2243 in
217 2214 417 2253 perpetuum.
480 2212 525 2243 Et
555 2223 615 2255 ego
645 2213 750 2246 dictus
780 2214 892 2246 Rasns
929 2215 1048 2247 dictam
1080 2215 1312 2247 concessionem
1343 2217 1558 2248 remissionom
1590 2220 1621 2250 et

302 2315 359 2342 531
