1820 2548
207 141 269 172 760

164 296 340 338 specialiter
360 299 504 338 optemus
526 296 566 327 ad
582 306 691 338 pacem
715 297 746 327 et
768 295 1022 337 tranquilitatem
1042 296 1135 339 regni
1150 296 1249 328 nostri
1270 299 1302 328 et
1322 296 1464 338 parcium
1479 297 1618 330 marchio

160 365 243 406 quod
261 364 349 396 vohis
364 367 419 396 aut
436 365 546 396 vestris
562 376 618 407 per
633 364 793 406 prefatum
816 364 963 396 comitem
983 366 1039 397 aut
1061 367 1177 397 eeteros
1199 364 1395 397 marchiones
1415 367 1537 397 nostros
1559 376 1615 397 seu

161 432 284 475 prefato
300 432 406 464 comiti
431 435 487 464 aut
510 432 584 474 ipsis
609 431 842 463 marchionibus
864 431 979 464 nostris
1000 443 1056 474 per
1076 443 1131 464 vos
1147 432 1196 464 vel
1212 435 1330 464 vestros
1345 432 1472 465 nullum
1486 433 1620 472 interim*

160 501 337 543 dampnum
361 500 411 532 vel
434 500 577 532 molestia
601 500 758 531 inferatur
778 503 824 531 set
843 500 928 541 quod
947 499 1053 531 onmia
1073 500 1107 532 in
1128 511 1202 542 paee
1221 501 1443 542 conquiescant
1459 512 1558 542 usque
1573 501 1616 535 ad

159 569 245 600 diem
268 568 486 610 supradictum
515 568 738 600 mandavimus
760 567 884 610 prefato
916 568 1022 599 comiti
1052 570 1082 600 et
1113 568 1222 600 Ceteris
1244 567 1478 600 marchionibus
1501 568 1616 601 nostris

160 637 300 668 districte
315 636 488 668 inhibendo
505 648 544 668 ne
562 635 648 668 vobis
665 636 714 667 vel
730 636 841 667 vestris
863 635 991 668 interim
1013 636 1153 668 inferant
1177 637 1351 678 dampnum
1367 636 1545 669 molestiam
1559 647 1625 676 seu,

156 705 313 747 jacturam
330 706 414 737 unde
430 705 518 737 vobis
533 705 722 736 mandamus
738 704 870 736 firmiter
881 704 1089 747 injungentes
1104 705 1189 746 quod
1204 704 1365 746 prefatum
1388 704 1535 736 comitem
1557 706 1614 738 aut

158 773 354 805 marchiones
370 773 525 815 predictos
542 773 670 804 interim
687 772 775 804 nullo
791 772 884 804 modo
897 772 1035 815 gravetis
1050 783 1105 804 seu
1120 783 1139 804 a
1150 772 1261 804 vestris
1272 772 1399 815 gravari
1411 772 1611 814 permittatis.

156 841 305 873 Ceterum
332 841 407 883 quia
438 852 493 882 per
524 841 702 882 fideclignos
732 840 947 872 intelleximus
977 840 1060 882 quod
1091 851 1145 871 vos
1175 840 1347 872 exerc-itum
1377 842 1515 872 vestrum
1546 840 1614 882 jam

156 910 281 941 banniri
298 909 416 940 fecistis
431 913 461 940 et
479 913 583 951 partos
599 908 736 940 marchio
752 908 1004 950 appropinquare
1023 908 1198 950 proponitis
1221 909 1260 939 ad
1283 908 1443 949 prefatum
1466 908 1613 941 comitem

155 982 185 1010 et
210 978 285 1009 alios
310 977 506 1009 marvhimms
530 980 651 1008 nostros
670 977 848 1018 gravandos
869 979 899 1007 et
922 979 1021 1008 terras
1042 987 1113 1008 suas
1134 975 1251 1008 ibidem
1275 976 1470 1007 invadendas
1491 977 1530 1008 de
1550 987 1613 1018 quo

155 1057 250 1088 quam
274 1046 448 1088 plurimum
472 1045 667 1077 admiramur
687 1045 774 1076 vobis
805 1045 992 1076 mandamus
1014 1045 1048 1076 iu
1078 1044 1140 1076 fide
1163 1047 1194 1076 et
1217 1044 1365 1086 homagio
1388 1047 1418 1076 et
1442 1045 1612 1077 dileccione

154 1114 270 1157 quibus
280 1114 371 1146 nobis
387 1114 541 1146 tenemini
553 1114 685 1145 firmiter
700 1113 907 1155 injungentes
919 1113 1003 1154 quod
1014 1112 1055 1145 ab
1067 1113 1250 1155 hujusmodi
1262 1113 1421 1155 proposito
1433 1113 1612 1145 voluntario

153 1183 338 1215 desistentes
362 1183 395 1214 in
418 1193 493 1224 pace
510 1193 564 1214 vos
587 1183 730 1214 teneatis.
777 1181 830 1213 Ita
852 1182 938 1223 quod
954 1181 1042 1213 vobis
1062 1192 1127 1213 non
1147 1181 1298 1223 imputari
1316 1181 1429 1213 debeat
1448 1182 1499 1214 vel
1513 1181 1611 1223 possit

153 1253 238 1294 quod
252 1264 315 1294 pax
332 1252 366 1283 in
381 1251 524 1293 partibus
540 1251 603 1283 illis
626 1251 731 1282 minus
753 1250 833 1282 bene
857 1249 1046 1282 observetur.
1094 1249 1210 1281 Scituri
1233 1251 1318 1292 quod
1341 1250 1366 1281 si
1382 1261 1468 1282 secus
1483 1250 1612 1292 egeritis

152 1321 305 1363 impedire
316 1332 378 1352 nou
392 1330 558 1362 possumus
570 1330 627 1351 neo
639 1320 784 1350 volumus
797 1319 874 1360 quin
889 1318 1006 1360 prefati
1017 1318 1212 1350 marohiones
1223 1318 1323 1350 nostri
1339 1319 1379 1349 ad
1395 1318 1611 1350 defensionem

152 1400 243 1421 suam
258 1400 314 1431 per
329 1400 361 1421 se
376 1389 426 1420 vel
442 1400 497 1430 per
512 1388 628 1419 amieos
643 1398 715 1418 suos
730 1386 818 1418 vobis
840 1386 988 1418 resistant
1009 1386 1141 1417 viriliter
1156 1388 1187 1417 et
1205 1388 1358 1428 potenter.
1405 1385 1498 1417 Teste
1520 1385 1610 1427 Rege

153 1459 237 1500 aput]
253 1457 394 1490 Wesffl'
414 1468 480 1488 111J.
498 1456 549 1488 die
565 1455 715 1498 Augusti.

790 1729 974 1763 DCXCVI.

279 1820 438 1852 ROYAL
468 1819 596 1852 WRIT
627 1817 932 1851 CONCERNING
963 1816 1269 1849 CAERPHILLY
1301 1815 1484 1848 OASTLE.

506 1907 604 1950 [Ror.
628 1906 707 1938 Pu.
731 1907 771 1937 55
793 1905 922 1937 HENRY
943 1904 1011 1936 III.
1057 1904 1175 1936 Mem.
1200 1903 1245 1946 l.]
1287 1904 1328 1935 25
1352 1903 1427 1935 Ocr.
1468 1903 1561 1934 1271.

198 1996 269 2028 Rex
296 1994 528 2028 venerabilibus
553 1993 696 2036 patribus
722 1993 761 2025 R.
790 1991 959 2024 Comxm’
984 1995 1016 2024 et
1040 1991 1139 2023 Lmn'
1157 1993 1188 2023 et
1213 1990 1251 2023 G.
1269 1989 1437 2023 WYGORN'
1457 1989 1608 2031 episeopis

154 2064 297 2095 salutem.
345 2063 427 2095 Cum
442 2063 560 2105 pluries
572 2062 804 2094 inhibuerimus
815 2060 972 2092 Lmsmxo
987 2060 1053 2091 filio
1070 2059 1233 2092 Gmrmm
1248 2058 1390 2100 Principi
1405 2057 1550 2090 WALLm
1566 2068 1607 2089 ne

155 2132 269 2164 dilecto
281 2137 312 2163 et
325 2131 412 2163 fideli
423 2135 530 2163 nostro
541 2130 579 2162 G.
592 2131 630 2162 (le
642 2129 756 2162 Omns
767 2128 874 2161 comiti
887 2128 1010 2161 Gnourz’
1022 2130 1052 2160 et
1066 2127 1178 2159 ΗΕΚΝ
1189 2129 1245 2158 aut
1255 2126 1365 2158 ceteris
1373 2124 1608 2158 marchionibus

154 2201 268 2232 nostris
306 2212 359 2242 per
398 2200 501 2241 ipsum
539 2198 589 2230 vel
627 2209 698 2230 suos
735 2197 913 2229 molestiam
950 2207 1004 2228 seu
1038 2206 1210 2238 gravamen
1240 2195 1373 2226 inferret
1408 2193 1457 2225 vel
1494 2192 1607 2225 inferri
