1820 2548
205 184 268 215 718

161 337 337 369 avunculus
381 348 470 369 meus
522 337 685 378 quondam
730 336 835 368 tenuit
881 336 920 367 de
965 336 1094 368 domino
1137 335 1252 368 abbate
1296 338 1328 368 et
1372 338 1530 368 conventu
1574 335 1613 366 de

159 404 428 437 'resonasse-mi
458 405 492 436 in
523 405 616 437 feodo
646 405 685 436 de
709 403 889 436 Lifflnocu.
947 403 1133 436 Tenendum
1163 406 1194 436 et
1223 403 1403 436 habendam
1432 406 1465 435 et
1493 404 1612 437 dictam

158 476 275 504 ‘terram
298 484 369 505 cum
386 474 449 505 suis
471 472 676 515 pertinenciis
691 475 723 504 et
746 471 946 504 libertatibus
968 472 1032 504 suis
1053 472 1193 514 predicto
1208 471 1321 504 YSAAc
1337 474 1369 504 et
1390 471 1558 504 heredibus
1579 474 1612 503 et

158 541 327 583 assignatis
354 541 417 573 suis
443 546 499 573 aut
523 541 699 582 cuicunque
723 543 754 572 et
779 540 1032 582 quandocunque
1054 551 1124 572 eam
1146 540 1180 572 in
1202 542 1270 572 toto
1291 541 1342 572 vel
1364 541 1398 572 in
1422 542 1511 582 parte
1537 540 1613 572 dare

159 610 294 641 vendere
316 610 423 651 legare
445 610 606 652 assignare
629 609 680 641 vel
702 609 808 650 aliquo
824 609 918 640 modo
941 609 1079 640 alienare
1095 609 1230 641 voluerit
1252 609 1286 640 in
1307 619 1505 650 quocumque
1527 610 1614 640 statu

158 677 255 709 fuerit
280 678 344 709 vite
370 689 424 709 sue
450 677 548 709 libere
573 677 678 719 quiete
703 676 783 709 beno
810 680 841 708 et
866 677 900 708 in
925 688 1000 718 pace
1025 677 1091 709 sine
1114 677 1201 709 omni
1224 676 1446 709 reclamatione
1470 676 1535 707 mei
1558 678 1615 708 aut

157 745 310 777 heredum
337 756 480 777 meorlmi
506 746 752 787 imperpetuum.
799 744 978 776 Reddendo
1005 748 1036 776 et
1061 745 1204 777 faciendo
1230 745 1304 776 inde
1330 744 1458 786 capitali
1485 744 1615 776 domino

158 812 243 844 feodi
259 813 403 845 debitum
418 813 580 845 redditum
596 816 627 845 et
643 813 811 845 servicium
828 816 1012 845 consuetum
1028 813 1067 844 de
1083 813 1168 845 dicto
1183 814 1364 845 tenemento
1379 816 1412 845 et
1426 812 1559 844 Mmom
1575 812 1616 844 de

157 880 287 912 Rmom
309 884 340 913 et
360 881 529 913 heredibus
551 882 614 913 suis
636 882 686 913 vel
709 881 878 923 assignatis
898 892 1000 913 unum
1017 881 1183 913 denarium
1204 881 1329 923 argenti
1350 881 1384 912 in
1405 880 1486 912 festo
1507 879 1617 912 Sancti

156 949 351 981 MchAEms
367 950 535 981 annuatim
550 961 607 991 pro
624 950 711 981 omni
727 949 856 981 servicio
873 949 1004 981 seculari
1025 949 1189 981 exactione
1204 951 1236 980 et
1251 949 1417 980 demanda.
1465 948 1559 983 Quod
1575 959 1616 980 ne

156 1017 190 1048 in
206 1021 368 1059 posterum
384 1018 553 1049 devocetur
575 1018 609 1049 in
632 1017 767 1049 dubium
790 1017 864 1049 huic
886 1017 1023 1059 presenti
1046 1017 1161 1059 scripto
1177 1016 1319 1059 sigillum
1341 1027 1448 1048 meum
1464 1027 1529 1047 una
1544 1026 1616 1047 cum

156 1085 261 1127 sigillo
277 1086 417 1127 predicte
443 1086 566 1117 Auem
592 1086 706 1117 matris
728 1097 797 1117 mee
822 1087 870 1117 est
894 1096 1078 1127 appensum.
1125 1085 1202 1117 Hiis
1223 1084 1357 1117 testibus
1378 1084 1554 1117 WALTERO
1575 1084 1616 1116 de

158 1153 286 1185 Rsmm
307 1154 500 1186 .Pm1,11>ro
528 1154 623 1186 Pffls-
650 1153 851 1186 ‚WALTERO
876 1154 915 1185 de
943 1153 1082 1186 COGAN.
1107 1153 1275 1185 Pmmpo
1301 1152 1443 1185 Tvnson
1459 1177 1466 1184 .
1491 1151 1618 1184 Tuom

158 1221 275 1253 Loxco
294 1247 299 1253 .
319 1222 510 1254 Rimmmo
526 1222 625 1254 anv.
643 1248 650 1254 .
668 1222 821 1254 Rmnno
838 1222 1007 1254 RL'MBOLD
1023 1226 1054 1254 et
1070 1222 1149 1254 aliis.

201 1289 290 1322 Seals
305 1290 459 1332 wanting.

822 1395 959 1428 DCLX.

159 1476 459 1509 ALEXANDER
496 1476 560 1508 DE
605 1476 840 1509 LANDOGH
884 1476 1069 1509 GRANTS
1114 1476 1245 1508 LAND
1290 1475 1344 1507 IN
1388 1473 1620 1507 LANDOGH

269 1544 326 1576 ΤΟ
367 1544 586 1577 W‘ILLIAM
628 1544 904 1584 THURGOTH,
936 1544 989 1576 IN
1030 1544 1154 1576 FREE
1193 1542 1445 1575 MARRIAGE
1487 1541 1621 1574 WITH

272 1612 352 1644 HIS
387 1612 549 1645 SISTER
579 1613 780 1646 YSOUDA.

659 1694 762 1736 [Ann.
788 1695 962 1733 CHARTER,
986 1692 1132 1735 24,276.]
1500 1690 1576 1723 SD.

209 1773 318 1805 Sciant
334 1777 494 1816 presentes
509 1777 541 1805 et
558 1774 661 1806 futuri
684 1775 769 1816 quod
793 1785 852 1815 ego
875 1773 1090 1805 Arx-:uxum
1109 1773 1148 1804 de
1171 1772 1336 1804 LANnocn
1353 1771 1426 1803 dedi
1441 1771 1577 1803 concessi
1591 1773 1624 1803 et

168 1841 226 1872 hac
242 1842 380 1883 presenti
402 1845 488 1873 carta
508 1853 579 1873 mea
601 1842 784 1873 confirmavi
801 1841 994 1874 Wummm
1009 1841 1203 1873 THURGOTH
1222 1850 1321 1871 unam
1338 1839 1505 1870 dimidiam
1519 1848 1624 1870 acram

168 1913 250 1941 terre
265 1909 394 1941 arabilis
409 1921 481 1942 cum
498 1910 561 1942 suis
576 1910 779 1952 pertinenciis
795 1910 834 1942 de
849 1909 948 1941 libero
963 1910 1145 1941 tenemento
1161 1919 1231 1940 meo
1247 1908 1280 1939 in
1296 1907 1389 1939 feodo
1403 1908 1442 1939 de
1459 1907 1624 1938 LANnocn

170 1989 241 2010 cum
254 1977 391 2009 Ysomm
409 1989 512 2009 sorore
528 1989 598 2010 mea
614 1979 647 2009 in
660 1978 797 2010 liberum
813 1977 1020 2020 maritagium
1035 1989 1096 2019 que
1112 1977 1242 2018 quidem
1257 1975 1392 2007 dimidia
1406 1986 1478 2007 acra
1491 1974 1576 2016 jacet
1590 1973 1625 2005 in

171 2057 282 2088 campo
309 2046 395 2088 apud
419 2046 610 2078 Lasmzrox
636 2046 790 2078 medietas
815 2057 888 2078 vero
914 2046 1000 2077 illius
1026 2045 1158 2077 dimidie
1182 2055 1252 2076 acre
1275 2047 1344 2076 tota
1369 2043 1518 2075 circuitur
1542 2044 1627 2074 terra

174 2113 285 2145 Ysziic
312 2114 351 2146 de
378 2113 544 2146 LANDocrr
568 2119 659 2156 parte
685 2115 769 2156 quod
796 2118 891 2156 caput
917 2113 1036 2145 boriale
1063 2113 1246 2145 extenditur
1271 2112 1313 2144 ad
1336 2114 1453 2143 terram
1479 2109 1626 2142 Hownm

175 2182 367 2214 Taeneom
383 2182 483 2214 altera
498 2183 653 2214 medietas
668 2183 765 2214 simili
780 2183 874 2214 modo
890 2182 1039 2214 circuitur
1054 2185 1138 2213 terra
1149 2180 1293 2223 ejusdem
1305 2178 1417 2211 Ysiic
1427 2180 1532 2220 preter
1543 2177 1628 2218 quod

175 2256 270 2292 caput
285 2251 422 2282 australe
438 2251 623 2282 extenditur
638 2251 678 2282 ad
694 2255 810 2282 terram
827 2249 998 2282 sanctuarii
1018 2249 1144 2281 ecclesie
1159 2249 1198 2280 de
1213 2247 1388 2279 LANDOCH.
1434 2244 1628 2278 Habendam
