1820 2548
235 165 297 195 892

190 318 353 351 monachis
368 322 399 351 et
414 319 642 352 successoribus
657 320 721 352 suis
739 345 745 351 .
763 319 860 351 libere
872 321 904 351 et
919 319 1024 361 quiete
1039 318 1166 362 p'acifice
1192 322 1223 351 et
1248 319 1373 362 integre
1397 319 1432 351 in
1456 322 1647 362 perpetuum

190 386 308 429 absque
324 388 411 419 omni
427 388 674 420 contradictione
691 390 722 420 et
738 387 961 420 reclamatione
976 399 1047 419 mea
1057 390 1088 419 et
1099 387 1252 420 heredum
1265 399 1416 419 meorum.
1463 387 1507 419 Et
1519 398 1577 430 pro
1588 387 1648 420 hac

188 455 360 487 donatione
376 467 447 487 mea
462 459 493 488 et
517 456 714 488 concessione
736 456 894 487 dederunt
918 455 1014 487 michi
1038 456 1172 498 predicti
1195 455 1342 488 monachi
1369 455 1504 498 triginta
1526 467 1649 488 marcas

189 523 326 565 argenti.
382 523 489 558 Quare
521 535 580 567 ego
614 528 646 556 et
678 524 810 556 heredes
841 524 904 555 mei
935 523 1211 556 warantizabimus
1243 524 1393 566 predictis
1422 523 1585 556 monachis
1614 526 1646 556 et

186 591 413 624 successoribus
429 592 492 624 suis
508 592 664 634 predictos
681 617 688 624 .
706 603 760 623 xx.
778 592 894 624 solidos
908 592 1052 624 redditus
1067 595 1098 624 et
1114 592 1287 634 predictam
1308 592 1428 624 seldam
1444 603 1516 624 cum
1536 603 1645 624 eorum

186 660 388 701 pertinentiis
419 686 425 691 .
458 665 568 692 contra
597 671 706 692 omnes
733 660 876 692 homines
902 663 934 692 et
959 664 1068 692 contra
1092 671 1200 692 omnes
1223 660 1359 692 feminas
1384 660 1418 692 in
1444 663 1642 703 perpetuum.

187 727 282 762 Quod
314 731 349 759 ut
380 731 485 760 ratum
516 728 628 760 stabile
659 731 844 770 permaneat
874 754 879 759 .
904 740 1031 771 presens
1052 728 1204 770 scriptinn
1227 728 1326 770 sigilli
1348 728 1411 760 mei
1441 728 1646 770 impressione

185 796 391 828 corroboravi.
440 796 517 828 Hiis
532 796 675 828 testibus.

228 864 428 897 Entitled—‘
441 865 536 898 Carta
551 865 710 898 Willelmi
728 864 929 897 Camberlani
945 866 984 897 de
999 865 1126 897 redditu
1143 876 1196 897 xx.
1211 865 1384 897 solidorum
1394 868 1426 897 et
1435 866 1474 897 de
1484 876 1549 897 una
1558 865 1645 898 selda

185 934 271 976 apud
287 933 498 966 Bristolhun.'

772 1102 1048 1135 DCCLXXXII.

233 1182 395 1214 GRANT
433 1182 497 1214 BY
536 1182 634 1214 THE
672 1182 808 1222 SAME,
847 1182 906 1214 OF
943 1182 976 1214 A
1012 1182 1161 1215 STALL
1199 1182 1253 1215 IN
1292 1181 1501 1222 BRISTOL,
1540 1182 1597 1214 TO

701 1250 909 1283 MARGAM
949 1250 1121 1283 ABBEY.

729 1331 900 1375 [Manem
928 1330 1121 1373 CHARTER]

228 1412 338 1445 Sciant
364 1425 393 1455 p.
421 1416 450 1444 et
483 1413 505 1444 f.
532 1414 617 1455 quod
648 1424 707 1455 ego
745 1413 959 1445 WILLELMUS
999 1412 1222 1444 OAMERAmUs
1258 1423 1405 1443 concessu
1447 1414 1478 1443 et
1517 1423 1646 1444 assensu

183 1480 336 1512 AGNETIS
353 1481 460 1513 uxoris
475 1492 544 1512 mee
560 1481 633 1513 dedi
651 1484 682 1513 et
697 1481 833 1513 concessi
850 1484 882 1512 et
897 1480 1035 1522 presenti
1051 1483 1136 1512 carta
1151 1480 1334 1512 confirmavi
1351 1480 1422 1512 Deo
1438 1482 1469 1512 et
1490 1491 1516 1511 e.
1543 1491 1566 1512 s.
1595 1479 1641 1512 M.

183 1549 222 1580 de
239 1548 393 1580 Manem
411 1552 442 1580 et
457 1560 498 1580 m.
517 1549 536 1580 i.
555 1549 596 1580 D.
614 1549 823 1581 servientibus
842 1573 848 1579 .
866 1560 963 1580 unam
980 1549 1100 1579 seldam
1116 1548 1150 1579 in
1165 1548 1242 1579 villa
1258 1547 1434 1579 Bmsrom!
1455 1559 1516 1590 que
1539 1550 1586 1580 est
1610 1548 1645 1580 in

184 1616 392 1659 aurifabrffia]
429 1617 463 1649 in
490 1618 630 1649 cornerio
661 1617 806 1659 proximo
836 1617 963 1649 ecclesie
994 1615 1103 1648 Sancti
1128 1616 1299 1648 NtcHOLA1
1333 1640 1339 1647 .
1371 1627 1468 1658 quam
1498 1616 1644 1648 EGIDIUs

187 1685 349 1717 aurifaber
364 1686 537 1727 aliquando
553 1685 667 1717 tenuit.
715 1685 909 1717 Habendam
926 1688 956 1716 et
968 1685 1138 1716 tenendam
1151 1684 1270 1716 dictam
1282 1684 1401 1716 seldam
1414 1696 1486 1716 cum
1498 1684 1645 1716 omnibus

187 1754 412 1796 pertinentiis.
433 1754 526 1786 dictis
548 1753 711 1785 monachis
736 1756 766 1785 et
791 1764 900 1785 eorum
924 1752 1150 1784 successoribus
1177 1753 1216 1783 de
1244 1764 1294 1783 me
1315 1755 1348 1784 et
1372 1752 1541 1784 heredibus
1567 1752 1646 1784 meis

188 1821 286 1853 libere
302 1827 333 1854 et
349 1822 455 1863 quiete
470 1821 550 1854 bene
573 1825 605 1853 et
628 1821 662 1853 in
684 1832 760 1863 pace
785 1846 791 1852 .
815 1821 849 1852 in
873 1832 984 1862 puram
1009 1820 1141 1852 liberam
1165 1824 1195 1852 et
1219 1822 1405 1862 perpetuam
1428 1820 1640 1852 elemosinam.

192 1889 255 1921 Pro
279 1889 337 1921 hac
360 1892 467 1921 autem
489 1890 660 1921 donatione
684 1891 715 1920 et
738 1889 933 1921 concessione
956 1889 1112 1920 dederunt
1136 1887 1230 1920 michi
1253 1887 1330 1919 dicti
1361 1887 1507 1918 monachi
1538 1887 1646 1919 decem

193 1968 314 1988 marcas
337 1957 461 1999 argenti
486 1968 564 1999 quas
585 1957 688 1999 recepi
710 1968 766 1999 pre
795 1956 951 1988 manibus.
1000 1956 1106 1991 Quare
1140 1967 1200 1998 ego
1231 1959 1262 1987 et
1285 1955 1416 1987 heredes
1437 1955 1499 1986 mei
1528 1954 1646 1986 dictam

193 2025 314 2056 seldam
337 2036 408 2056 cum
431 2024 579 2057 omnibus
601 2025 824 2067 pertinentiis.
842 2025 934 2056 dictis
958 2024 1118 2056 monachis
1140 2024 1221 2056 sicut
1242 2034 1354 2065 puram
1369 2023 1502 2054 liberam
1522 2025 1554 2054 et
1576 2033 1646 2064 per-

194 2096 323 2134 petuam
339 2093 543 2124 elemosinam
560 2118 566 2124 .
584 2095 693 2124 contra
709 2104 817 2124 omnes
829 2093 975 2124 mortales
987 2091 1270 2124 warantizabimus.
1317 2090 1367 2122 Ut
1378 2092 1485 2122 autem
1496 2089 1648 2132 premissa

195 2160 355 2192 firmitatis
370 2161 466 2192 robur
481 2161 646 2203 optineant
662 2161 694 2192 in
711 2164 900 2203 perpetuum
917 2186 923 2192 .
941 2161 1079 2202 presenti
1094 2160 1209 2202 scripto
1225 2159 1368 2202 sigillum
1383 2169 1490 2190 meum
1505 2157 1647 2200 apposui.

238 2228 438 2260 Entitled—‘
450 2228 545 2260 Carta
561 2228 705 2271 ejusdem
722 2228 879 2261 Willelmi
894 2229 934 2260 de
952 2228 1091 2270 predicta
1107 2227 1215 2259 selda!
