<?xml version="1.0" encoding="UTF-8"?>
<!DOCTYPE html PUBLIC "-//W3C//DTD XHTML 1.0 Transitional//EN"
    "http://www.w3.org/TR/xhtml1/DTD/xhtml1-transitional.dtd">
<html xmlns="http://www.w3.org/1999/xhtml" xml:lang="en" lang="en">
 <head>
  <title>
</title>
<meta http-equiv="Content-Type" content="text/html;charset=utf-8" />
  <meta name='ocr-system' content='tesseract 3.04.00' />
  <meta name='ocr-capabilities' content='ocr_page ocr_carea ocr_par ocr_line ocrx_word'/>
</head>
<body>
  <div class='ocr_page' id='page_1' title='image "./cartaeetaliamuni03claruoft_0175.png"; bbox 0 0 1820 2548; ppageno 0'>
   <div class='ocr_carea' id='block_1_1' title="bbox 1528 178 1591 210">
    <p class='ocr_par' dir='ltr' id='par_1_1' title="bbox 1528 178 1591 210">
     <span class='ocr_line' id='line_1_1' title="bbox 1528 178 1591 210; baseline -0.016 0"><span class='ocrx_word' id='word_1_1' title='bbox 1528 178 1591 210; x_wconf 81' lang='lat'>877</span> 
     </span>
    </p>
   </div>
   <div class='ocr_carea' id='block_1_2' title="bbox 162 332 1639 2224">
    <p class='ocr_par' dir='ltr' id='par_1_2' title="bbox 167 332 1638 994">
     <span class='ocr_line' id='line_1_2' title="bbox 169 332 1634 376; baseline -0.002 -9"><span class='ocrx_word' id='word_1_2' title='bbox 169 335 393 374; x_wconf 65' lang='lat' dir='ltr'>Donsssrown,</span> <span class='ocrx_word' id='word_1_3' title='bbox 410 335 583 367; x_wconf 80' lang='lat' dir='ltr'>tenendam</span> <span class='ocrx_word' id='word_1_4' title='bbox 604 333 664 365; x_wconf 83' lang='lat' dir='ltr'>sibi</span> <span class='ocrx_word' id='word_1_5' title='bbox 687 336 719 365; x_wconf 91' lang='lat' dir='ltr'>et</span> <span class='ocrx_word' id='word_1_6' title='bbox 742 333 969 365; x_wconf 84' lang='lat' dir='ltr'>successoribus</span> <span class='ocrx_word' id='word_1_7' title='bbox 985 334 1049 365; x_wconf 81' lang='lat' dir='ltr'>suis</span> <span class='ocrx_word' id='word_1_8' title='bbox 1064 333 1099 364; x_wconf 91' lang='lat' dir='ltr'>in</span> <span class='ocrx_word' id='word_1_9' title='bbox 1121 332 1254 365; x_wconf 77' lang='lat' dir='ltr'>liberam</span> <span class='ocrx_word' id='word_1_10' title='bbox 1272 344 1384 375; x_wconf 81' lang='lat' dir='ltr'>puram</span> <span class='ocrx_word' id='word_1_11' title='bbox 1400 337 1432 365; x_wconf 88' lang='lat' dir='ltr'>et</span> <span class='ocrx_word' id='word_1_12' title='bbox 1447 337 1634 376; x_wconf 78' lang='lat' dir='ltr'>perpetuam</span> 
     </span>
     <span class='ocr_line' id='line_1_3' title="bbox 167 401 1634 445; baseline -0.001 -9"><span class='ocrx_word' id='word_1_13' title='bbox 167 404 373 436; x_wconf 79' lang='lat' dir='ltr'>elemosinam</span> <span class='ocrx_word' id='word_1_14' title='bbox 384 403 630 445; x_wconf 81' lang='lat' dir='ltr'><strong>imperpetuum.</strong></span> <span class='ocrx_word' id='word_1_15' title='bbox 677 401 813 443; x_wconf 82' lang='lat' dir='ltr'>Propter</span> <span class='ocrx_word' id='word_1_16' title='bbox 829 402 914 444; x_wconf 88' lang='lat' dir='ltr'>quod</span> <span class='ocrx_word' id='word_1_17' title='bbox 937 402 1004 444; x_wconf 90' lang='lat' dir='ltr'>ipse</span> <span class='ocrx_word' id='word_1_18' title='bbox 1026 401 1160 433; x_wconf 78' lang='lat' dir='ltr'>liberare</span> <span class='ocrx_word' id='word_1_19' title='bbox 1185 401 1262 433; x_wconf 80' lang='lat' dir='ltr'>feeit</span> <span class='ocrx_word' id='word_1_20' title='bbox 1286 401 1434 433; x_wconf 81' lang='lat' dir='ltr'>seisinam</span> <span class='ocrx_word' id='word_1_21' title='bbox 1459 402 1634 444; x_wconf 73' lang='lat' dir='ltr'>predictam</span> 
     </span>
     <span class='ocr_line' id='line_1_4' title="bbox 168 469 1634 514; baseline -0.001 -10"><span class='ocrx_word' id='word_1_22' title='bbox 168 472 244 504; x_wconf 82' lang='lat' dir='ltr'>ville</span> <span class='ocrx_word' id='word_1_23' title='bbox 259 472 400 514; x_wconf 73' lang='lat' dir='ltr'>predicte</span> <span class='ocrx_word' id='word_1_24' title='bbox 415 472 534 503; x_wconf 81' lang='lat' dir='ltr'>decano</span> <span class='ocrx_word' id='word_1_25' title='bbox 550 473 583 502; x_wconf 87' lang='lat' dir='ltr'>et</span> <span class='ocrx_word' id='word_1_26' title='bbox 594 470 734 512; x_wconf 84' lang='lat' dir='ltr'>capitulo</span> <span class='ocrx_word' id='word_1_27' title='bbox 749 481 760 512; x_wconf 81' lang='lat' dir='ltr'>J</span> <span class='ocrx_word' id='word_1_28' title='bbox 767 473 844 501; x_wconf 81' lang='lat' dir='ltr'>uxta</span> <span class='ocrx_word' id='word_1_29' title='bbox 866 470 1004 501; x_wconf 77' lang='lat' dir='ltr'>formam</span> <span class='ocrx_word' id='word_1_30' title='bbox 1021 472 1105 501; x_wconf 80' lang='lat' dir='ltr'>carte</span> <span class='ocrx_word' id='word_1_31' title='bbox 1122 469 1271 512; x_wconf 84' lang='lat' dir='ltr'>predicte.</span> <span class='ocrx_word' id='word_1_32' title='bbox 1319 469 1364 501; x_wconf 88' lang='lat' dir='ltr'>Et</span> <span class='ocrx_word' id='word_1_33' title='bbox 1381 469 1458 501; x_wconf 85' lang='lat' dir='ltr'>dicit</span> <span class='ocrx_word' id='word_1_34' title='bbox 1471 470 1556 511; x_wconf 90' lang='lat' dir='ltr'>quod</span> <span class='ocrx_word' id='word_1_35' title='bbox 1567 470 1634 512; x_wconf 89' lang='lat' dir='ltr'>ipse</span> 
     </span>
     <span class='ocr_line' id='line_1_5' title="bbox 169 534 1635 582; baseline -0.002 -9"><span class='ocrx_word' id='word_1_36' title='bbox 169 540 251 573; x_wconf 84' lang='lat' dir='ltr'>nihil</span> <span class='ocrx_word' id='word_1_37' title='bbox 267 541 383 572; x_wconf 76' lang='lat' dir='ltr'>clamat</span> <span class='ocrx_word' id='word_1_38' title='bbox 398 541 433 572; x_wconf 91' lang='lat' dir='ltr'>in</span> <span class='ocrx_word' id='word_1_39' title='bbox 448 540 591 582; x_wconf 80' lang='lat' dir='ltr'>predicte.</span> <span class='ocrx_word' id='word_1_40' title='bbox 606 539 683 570; x_wconf 84' lang='lat' dir='ltr'>villa</span> <span class='ocrx_word' id='word_1_41' title='bbox 698 534 821 570; x_wconf 77' lang='lat' dir='ltr'>ratione</span> <span class='ocrx_word' id='word_1_42' title='bbox 837 539 988 570; x_wconf 76' lang='lat' dir='ltr'>custodiae</span> <span class='ocrx_word' id='word_1_43' title='bbox 1011 542 1153 580; x_wconf 89' lang='lat' dir='ltr'>tempore</span> <span class='ocrx_word' id='word_1_44' title='bbox 1174 538 1348 570; x_wconf 79' lang='lat' dir='ltr'>vacationis</span> <span class='ocrx_word' id='word_1_45' title='bbox 1368 538 1503 580; x_wconf 81' lang='lat' dir='ltr'>predicti</span> <span class='ocrx_word' id='word_1_46' title='bbox 1518 538 1635 580; x_wconf 90' lang='lat' dir='ltr'>episco-</span> 
     </span>
     <span class='ocr_line' id='line_1_6' title="bbox 168 606 1634 652; baseline -0.002 -11"><span class='ocrx_word' id='word_1_47' title='bbox 168 613 271 652; x_wconf 78' lang='lat' dir='ltr'>patus.</span> <span class='ocrx_word' id='word_1_48' title='bbox 318 609 425 641; x_wconf 87' lang='lat' dir='ltr'>Immo</span> <span class='ocrx_word' id='word_1_49' title='bbox 440 611 545 640; x_wconf 87' lang='lat' dir='ltr'>totum</span> <span class='ocrx_word' id='word_1_50' title='bbox 566 608 619 650; x_wconf 85' lang='lat' dir='ltr'>jus</span> <span class='ocrx_word' id='word_1_51' title='bbox 644 619 738 639; x_wconf 89' lang='lat' dir='ltr'>suum</span> <span class='ocrx_word' id='word_1_52' title='bbox 764 608 789 639; x_wconf 90' lang='lat' dir='ltr'>si</span> <span class='ocrx_word' id='word_1_53' title='bbox 815 608 901 649; x_wconf 87' lang='lat' dir='ltr'>quod</span> <span class='ocrx_word' id='word_1_54' title='bbox 924 607 1050 646; x_wconf 80' lang='lat' dir='ltr'>habeat,</span> <span class='ocrx_word' id='word_1_55' title='bbox 1077 607 1127 639; x_wconf 88' lang='lat' dir='ltr'>vel</span> <span class='ocrx_word' id='word_1_56' title='bbox 1151 606 1348 649; x_wconf 82' lang='lat' dir='ltr'>temporibus</span> <span class='ocrx_word' id='word_1_57' title='bbox 1374 607 1493 638; x_wconf 78' lang='lat' dir='ltr'>suturis</span> <span class='ocrx_word' id='word_1_58' title='bbox 1518 607 1634 639; x_wconf 80' lang='lat' dir='ltr'>habere</span> 
     </span>
     <span class='ocr_line' id='line_1_7' title="bbox 167 675 1635 720; baseline -0.002 -10"><span class='ocrx_word' id='word_1_59' title='bbox 167 678 347 720; x_wconf 82' lang='lat' dir='ltr'>contigerit,</span> <span class='ocrx_word' id='word_1_60' title='bbox 365 677 423 709; x_wconf 90' lang='lat' dir='ltr'>hoc</span> <span class='ocrx_word' id='word_1_61' title='bbox 439 679 544 708; x_wconf 87' lang='lat' dir='ltr'>totum</span> <span class='ocrx_word' id='word_1_62' title='bbox 559 676 689 708; x_wconf 90' lang='lat' dir='ltr'>domino</span> <span class='ocrx_word' id='word_1_63' title='bbox 707 676 792 718; x_wconf 83' lang='lat' dir='ltr'>Regi</span> <span class='ocrx_word' id='word_1_64' title='bbox 809 679 840 708; x_wconf 86' lang='lat' dir='ltr'>et</span> <span class='ocrx_word' id='word_1_65' title='bbox 855 676 1026 708; x_wconf 85' lang='lat' dir='ltr'>heredibus</span> <span class='ocrx_word' id='word_1_66' title='bbox 1043 676 1107 708; x_wconf 87' lang='lat' dir='ltr'>suis</span> <span class='ocrx_word' id='word_1_67' title='bbox 1128 687 1185 718; x_wconf 89' lang='lat' dir='ltr'>pro</span> <span class='ocrx_word' id='word_1_68' title='bbox 1201 687 1232 708; x_wconf 90' lang='lat' dir='ltr'>se</span> <span class='ocrx_word' id='word_1_69' title='bbox 1248 679 1281 707; x_wconf 87' lang='lat' dir='ltr'>et</span> <span class='ocrx_word' id='word_1_70' title='bbox 1296 675 1465 707; x_wconf 83' lang='lat' dir='ltr'>heredibus</span> <span class='ocrx_word' id='word_1_71' title='bbox 1484 676 1548 707; x_wconf 88' lang='lat' dir='ltr'>suis</span> <span class='ocrx_word' id='word_1_72' title='bbox 1563 687 1635 707; x_wconf 87' lang='lat' dir='ltr'>con-</span> 
     </span>
     <span class='ocr_line' id='line_1_8' title="bbox 168 744 1636 787; baseline -0.001 -9"><span class='ocrx_word' id='word_1_73' title='bbox 168 746 262 785; x_wconf 87' lang='lat' dir='ltr'>cedit,</span> <span class='ocrx_word' id='word_1_74' title='bbox 278 746 412 784; x_wconf 77' lang='lat' dir='ltr'>relaxat,</span> <span class='ocrx_word' id='word_1_75' title='bbox 428 748 460 777; x_wconf 91' lang='lat' dir='ltr'>et</span> <span class='ocrx_word' id='word_1_76' title='bbox 477 745 621 787; x_wconf 89' lang='lat' dir='ltr'>quietum</span> <span class='ocrx_word' id='word_1_77' title='bbox 638 745 755 776; x_wconf 79' lang='lat' dir='ltr'>clamat</span> <span class='ocrx_word' id='word_1_78' title='bbox 766 745 1014 787; x_wconf 82' lang='lat' dir='ltr'>imperpetuum.</span> <span class='ocrx_word' id='word_1_79' title='bbox 1050 744 1129 776; x_wconf 88' lang='lat' dir='ltr'>Ideo</span> <span class='ocrx_word' id='word_1_80' title='bbox 1141 745 1302 786; x_wconf 88' lang='lat' dir='ltr'>predictus</span> <span class='ocrx_word' id='word_1_81' title='bbox 1314 744 1522 776; x_wconf 68' lang='lat' dir='ltr'>MAcomMUs</span> <span class='ocrx_word' id='word_1_82' title='bbox 1534 747 1636 776; x_wconf 84' lang='lat' dir='ltr'>custos</span> 
     </span>
     <span class='ocr_line' id='line_1_9' title="bbox 167 813 1635 856; baseline -0.002 -9"><span class='ocrx_word' id='word_1_83' title='bbox 167 814 285 847; x_wconf 78' lang='lat' dir='ltr'>habeat</span> <span class='ocrx_word' id='word_1_84' title='bbox 295 814 402 853; x_wconf 86' lang='lat' dir='ltr'>breve,</span> <span class='ocrx_word' id='word_1_85' title='bbox 415 814 501 856; x_wconf 87' lang='lat' dir='ltr'>quod</span> <span class='ocrx_word' id='word_1_86' title='bbox 513 814 618 845; x_wconf 88' lang='lat' dir='ltr'>seisire</span> <span class='ocrx_word' id='word_1_87' title='bbox 630 813 729 845; x_wconf 80' lang='lat' dir='ltr'>faciat</span> <span class='ocrx_word' id='word_1_88' title='bbox 744 813 920 855; x_wconf 80' lang='lat' dir='ltr'>predictam</span> <span class='ocrx_word' id='word_1_89' title='bbox 933 813 1043 844; x_wconf 79' lang='lat' dir='ltr'>villam</span> <span class='ocrx_word' id='word_1_90' title='bbox 1055 813 1089 845; x_wconf 90' lang='lat' dir='ltr'>in</span> <span class='ocrx_word' id='word_1_91' title='bbox 1102 824 1235 845; x_wconf 84' lang='lat' dir='ltr'>manum</span> <span class='ocrx_word' id='word_1_92' title='bbox 1248 813 1369 844; x_wconf 86' lang='lat' dir='ltr'>domini</span> <span class='ocrx_word' id='word_1_93' title='bbox 1383 813 1493 855; x_wconf 86' lang='lat' dir='ltr'>Regis,</span> <span class='ocrx_word' id='word_1_94' title='bbox 1506 813 1635 845; x_wconf 82' lang='lat' dir='ltr'>nomine</span> 
     </span>
     <span class='ocr_line' id='line_1_10' title="bbox 167 881 1638 925; baseline -0.001 -10"><span class='ocrx_word' id='word_1_95' title='bbox 167 883 317 916; x_wconf 71' lang='lat' dir='ltr'>custodiae</span> <span class='ocrx_word' id='word_1_96' title='bbox 345 882 490 925; x_wconf 81' lang='lat' dir='ltr'>praedicti</span> <span class='ocrx_word' id='word_1_97' title='bbox 517 882 724 924; x_wconf 83' lang='lat' dir='ltr'>episcopatus.</span> <span class='ocrx_word' id='word_1_98' title='bbox 771 881 817 914; x_wconf 80' lang='lat' dir='ltr'>Et</span> <span class='ocrx_word' id='word_1_99' title='bbox 842 882 927 923; x_wconf 86' lang='lat' dir='ltr'>quod</span> <span class='ocrx_word' id='word_1_100' title='bbox 948 881 1077 913; x_wconf 85' lang='lat' dir='ltr'>domino</span> <span class='ocrx_word' id='word_1_101' title='bbox 1099 881 1184 924; x_wconf 82' lang='lat' dir='ltr'>Regi</span> <span class='ocrx_word' id='word_1_102' title='bbox 1210 882 1249 913; x_wconf 91' lang='lat' dir='ltr'>de</span> <span class='ocrx_word' id='word_1_103' title='bbox 1275 881 1413 913; x_wconf 81' lang='lat' dir='ltr'>exitibus</span> <span class='ocrx_word' id='word_1_104' title='bbox 1437 884 1469 913; x_wconf 90' lang='lat' dir='ltr'>et</span> <span class='ocrx_word' id='word_1_105' title='bbox 1491 881 1638 923; x_wconf 84' lang='lat' dir='ltr'>proficuis</span> 
     </span>
     <span class='ocr_line' id='line_1_11' title="bbox 169 951 816 994; baseline -0.005 -10"><span class='ocrx_word' id='word_1_106' title='bbox 169 951 245 984; x_wconf 87' lang='lat' dir='ltr'>inde</span> <span class='ocrx_word' id='word_1_107' title='bbox 263 951 524 994; x_wconf 76' lang='lat' dir='ltr'>provenientibus</span> <span class='ocrx_word' id='word_1_108' title='bbox 539 951 740 993; x_wconf 73' lang='lat' dir='ltr'>respondeat,</span> <span class='ocrx_word' id='word_1_109' title='bbox 758 952 816 981; x_wconf 86' lang='lat' dir='ltr'>etc.</span> 
     </span>
    </p>

    <p class='ocr_par' dir='ltr' id='par_1_3' title="bbox 162 1018 1639 1948">
     <span class='ocr_line' id='line_1_12' title="bbox 214 1018 1636 1061; baseline -0.002 -9"><span class='ocrx_word' id='word_1_110' title='bbox 214 1020 260 1052; x_wconf 85' lang='lat' dir='ltr'>Et</span> <span class='ocrx_word' id='word_1_111' title='bbox 276 1031 379 1052; x_wconf 90' lang='lat' dir='ltr'>comes</span> <span class='ocrx_word' id='word_1_112' title='bbox 394 1019 639 1052; x_wconf 59' lang='lat' dir='ltr'>Nomvromnm</span> <span class='ocrx_word' id='word_1_113' title='bbox 655 1018 736 1050; x_wconf 89' lang='lat' dir='ltr'>bene</span> <span class='ocrx_word' id='word_1_114' title='bbox 752 1019 913 1061; x_wconf 79' lang='lat' dir='ltr'>cognoscit</span> <span class='ocrx_word' id='word_1_115' title='bbox 929 1019 1014 1061; x_wconf 88' lang='lat' dir='ltr'>quod</span> <span class='ocrx_word' id='word_1_116' title='bbox 1031 1018 1141 1050; x_wconf 82' lang='lat' dir='ltr'>ballivi</span> <span class='ocrx_word' id='word_1_117' title='bbox 1158 1018 1216 1057; x_wconf 90' lang='lat' dir='ltr'>sui,</span> <span class='ocrx_word' id='word_1_118' title='bbox 1232 1019 1301 1060; x_wconf 84' lang='lat' dir='ltr'>ipso</span> <span class='ocrx_word' id='word_1_119' title='bbox 1316 1018 1487 1061; x_wconf 80' lang='lat' dir='ltr'>ignorante</span> <span class='ocrx_word' id='word_1_120' title='bbox 1511 1020 1543 1050; x_wconf 85' lang='lat' dir='ltr'>et</span> <span class='ocrx_word' id='word_1_121' title='bbox 1569 1018 1636 1049; x_wconf 86' lang='lat' dir='ltr'>sine</span> 
     </span>
     <span class='ocr_line' id='line_1_13' title="bbox 167 1087 1635 1131; baseline -0.001 -11"><span class='ocrx_word' id='word_1_122' title='bbox 167 1092 316 1131; x_wconf 88' lang='lat' dir='ltr'>precepto</span> <span class='ocrx_word' id='word_1_123' title='bbox 333 1100 398 1127; x_wconf 87' lang='lat' dir='ltr'>suo,</span> <span class='ocrx_word' id='word_1_124' title='bbox 417 1091 487 1130; x_wconf 83' lang='lat' dir='ltr'>post</span> <span class='ocrx_word' id='word_1_125' title='bbox 502 1090 639 1119; x_wconf 86' lang='lat' dir='ltr'>mortem</span> <span class='ocrx_word' id='word_1_126' title='bbox 654 1087 788 1129; x_wconf 79' lang='lat' dir='ltr'>predicti</span> <span class='ocrx_word' id='word_1_127' title='bbox 805 1087 943 1128; x_wconf 83' lang='lat' dir='ltr'>episcopi</span> <span class='ocrx_word' id='word_1_128' title='bbox 960 1087 1147 1118; x_wconf 83' lang='lat' dir='ltr'>seisiverunt</span> <span class='ocrx_word' id='word_1_129' title='bbox 1165 1087 1199 1118; x_wconf 86' lang='lat' dir='ltr'>in</span> <span class='ocrx_word' id='word_1_130' title='bbox 1211 1098 1343 1118; x_wconf 82' lang='lat' dir='ltr'>manum</span> <span class='ocrx_word' id='word_1_131' title='bbox 1354 1098 1444 1118; x_wconf 83' lang='lat' dir='ltr'>suam</span> <span class='ocrx_word' id='word_1_132' title='bbox 1456 1087 1635 1128; x_wconf 88' lang='lat' dir='ltr'>predictum</span> 
     </span>
     <span class='ocr_line' id='line_1_14' title="bbox 167 1156 1637 1198; baseline -0.002 -9"><span class='ocrx_word' id='word_1_133' title='bbox 167 1157 349 1189; x_wconf 85' lang='lat' dir='ltr'>manerium</span> <span class='ocrx_word' id='word_1_134' title='bbox 366 1158 405 1188; x_wconf 89' lang='lat' dir='ltr'>de</span> <span class='ocrx_word' id='word_1_135' title='bbox 421 1157 621 1188; x_wconf 72' lang='lat' dir='ltr'><strong>MACHERNE</strong></span> <span class='ocrx_word' id='word_1_136' title='bbox 638 1158 670 1187; x_wconf 88' lang='lat' dir='ltr'>et</span> <span class='ocrx_word' id='word_1_137' title='bbox 685 1156 835 1187; x_wconf 83' lang='lat' dir='ltr'>seisinam</span> <span class='ocrx_word' id='word_1_138' title='bbox 860 1167 950 1187; x_wconf 78' lang='lat' dir='ltr'>sunm</span> <span class='ocrx_word' id='word_1_139' title='bbox 975 1156 1150 1197; x_wconf 85' lang='lat' dir='ltr'>predictam</span> <span class='ocrx_word' id='word_1_140' title='bbox 1177 1156 1253 1187; x_wconf 89' lang='lat' dir='ltr'>inde</span> <span class='ocrx_word' id='word_1_141' title='bbox 1274 1167 1331 1198; x_wconf 89' lang='lat' dir='ltr'>per</span> <span class='ocrx_word' id='word_1_142' title='bbox 1357 1156 1487 1197; x_wconf 86' lang='lat' dir='ltr'>aliquod</span> <span class='ocrx_word' id='word_1_143' title='bbox 1512 1158 1637 1197; x_wconf 89' lang='lat' dir='ltr'>tempus</span> 
     </span>
     <span class='ocr_line' id='line_1_15' title="bbox 169 1224 1639 1266; baseline -0.002 -8"><span class='ocrx_word' id='word_1_144' title='bbox 169 1226 448 1258; x_wconf 81' lang='lat' dir='ltr'>continuaverunt.</span> <span class='ocrx_word' id='word_1_145' title='bbox 495 1224 558 1256; x_wconf 85' lang='lat' dir='ltr'>Sed</span> <span class='ocrx_word' id='word_1_146' title='bbox 574 1225 652 1256; x_wconf 88' lang='lat' dir='ltr'>dicit</span> <span class='ocrx_word' id='word_1_147' title='bbox 672 1225 758 1266; x_wconf 92' lang='lat' dir='ltr'>quod</span> <span class='ocrx_word' id='word_1_148' title='bbox 781 1224 890 1256; x_wconf 84' lang='lat' dir='ltr'>statim</span> <span class='ocrx_word' id='word_1_149' title='bbox 917 1226 1086 1266; x_wconf 81' lang='lat' dir='ltr'>postquam</span> <span class='ocrx_word' id='word_1_150' title='bbox 1111 1224 1271 1266; x_wconf 88' lang='lat' dir='ltr'>predictus</span> <span class='ocrx_word' id='word_1_151' title='bbox 1292 1224 1522 1256; x_wconf 76' lang='lat' dir='ltr'><strong>MALCOLOMUS</strong></span> <span class='ocrx_word' id='word_1_152' title='bbox 1544 1224 1639 1266; x_wconf 89' lang='lat' dir='ltr'>petiit</span> 
     </span>
     <span class='ocr_line' id='line_1_16' title="bbox 168 1292 1637 1336; baseline -0.002 -9"><span class='ocrx_word' id='word_1_153' title='bbox 168 1295 318 1327; x_wconf 79' lang='lat' dir='ltr'>seisinam</span> <span class='ocrx_word' id='word_1_154' title='bbox 334 1294 479 1336; x_wconf 84' lang='lat' dir='ltr'>ejusdem</span> <span class='ocrx_word' id='word_1_155' title='bbox 503 1293 638 1325; x_wconf 84' lang='lat' dir='ltr'>manerii</span> <span class='ocrx_word' id='word_1_156' title='bbox 661 1293 790 1325; x_wconf 83' lang='lat' dir='ltr'>nomine</span> <span class='ocrx_word' id='word_1_157' title='bbox 812 1293 933 1324; x_wconf 88' lang='lat' dir='ltr'>domini</span> <span class='ocrx_word' id='word_1_158' title='bbox 960 1293 1061 1335; x_wconf 83' lang='lat' dir='ltr'>Regis</span> <span class='ocrx_word' id='word_1_159' title='bbox 1083 1292 1143 1324; x_wconf 89' lang='lat' dir='ltr'>sibi</span> <span class='ocrx_word' id='word_1_160' title='bbox 1169 1292 1308 1332; x_wconf 78' lang='lat' dir='ltr'>liberari,</span> <span class='ocrx_word' id='word_1_161' title='bbox 1332 1293 1417 1335; x_wconf 90' lang='lat' dir='ltr'>quod</span> <span class='ocrx_word' id='word_1_162' title='bbox 1442 1293 1556 1324; x_wconf 81' lang='lat' dir='ltr'>seisina</span> <span class='ocrx_word' id='word_1_163' title='bbox 1581 1293 1637 1324; x_wconf 79' lang='lat' dir='ltr'>illa</span> 
     </span>
     <span class='ocr_line' id='line_1_17' title="bbox 167 1361 1636 1403; baseline -0.002 -8"><span class='ocrx_word' id='word_1_164' title='bbox 167 1363 302 1396; x_wconf 81' lang='lat' dir='ltr'>liberata</span> <span class='ocrx_word' id='word_1_165' title='bbox 332 1363 407 1402; x_wconf 81' lang='lat' dir='ltr'>fuit,</span> <span class='ocrx_word' id='word_1_166' title='bbox 435 1373 508 1394; x_wconf 90' lang='lat' dir='ltr'>cum</span> <span class='ocrx_word' id='word_1_167' title='bbox 535 1361 684 1394; x_wconf 88' lang='lat' dir='ltr'>omnibus</span> <span class='ocrx_word' id='word_1_168' title='bbox 708 1361 846 1393; x_wconf 79' lang='lat' dir='ltr'>exitibus</span> <span class='ocrx_word' id='word_1_169' title='bbox 872 1364 903 1393; x_wconf 89' lang='lat' dir='ltr'>et</span> <span class='ocrx_word' id='word_1_170' title='bbox 927 1361 1074 1403; x_wconf 81' lang='lat' dir='ltr'>proficuis</span> <span class='ocrx_word' id='word_1_171' title='bbox 1096 1372 1153 1403; x_wconf 89' lang='lat' dir='ltr'>per</span> <span class='ocrx_word' id='word_1_172' title='bbox 1173 1361 1279 1403; x_wconf 88' lang='lat' dir='ltr'>ipsum</span> <span class='ocrx_word' id='word_1_173' title='bbox 1302 1362 1451 1393; x_wconf 86' lang='lat' dir='ltr'>comitem</span> <span class='ocrx_word' id='word_1_174' title='bbox 1475 1364 1531 1392; x_wconf 82' lang='lat' dir='ltr'>aut</span> <span class='ocrx_word' id='word_1_175' title='bbox 1555 1372 1636 1400; x_wconf 89' lang='lat' dir='ltr'>suos,</span> 
     </span>
     <span class='ocr_line' id='line_1_18' title="bbox 167 1429 1637 1474; baseline -0.002 -11"><span class='ocrx_word' id='word_1_176' title='bbox 167 1434 308 1474; x_wconf 85' lang='lat' dir='ltr'>tempore</span> <span class='ocrx_word' id='word_1_177' title='bbox 330 1431 443 1462; x_wconf 88' lang='lat' dir='ltr'>seisine</span> <span class='ocrx_word' id='word_1_178' title='bbox 467 1441 522 1462; x_wconf 90' lang='lat' dir='ltr'>sue</span> <span class='ocrx_word' id='word_1_179' title='bbox 546 1430 621 1462; x_wconf 91' lang='lat' dir='ltr'>inde</span> <span class='ocrx_word' id='word_1_180' title='bbox 644 1430 808 1472; x_wconf 84' lang='lat' dir='ltr'>perceptis.</span> <span class='ocrx_word' id='word_1_181' title='bbox 856 1429 1006 1461; x_wconf 78' lang='lat' dir='ltr'>Preterea</span> <span class='ocrx_word' id='word_1_182' title='bbox 1033 1429 1120 1469; x_wconf 89' lang='lat' dir='ltr'>dicit,</span> <span class='ocrx_word' id='word_1_183' title='bbox 1148 1430 1233 1471; x_wconf 89' lang='lat' dir='ltr'>quod</span> <span class='ocrx_word' id='word_1_184' title='bbox 1260 1430 1326 1472; x_wconf 88' lang='lat' dir='ltr'>ipse</span> <span class='ocrx_word' id='word_1_185' title='bbox 1353 1429 1434 1461; x_wconf 88' lang='lat' dir='ltr'>nihil</span> <span class='ocrx_word' id='word_1_186' title='bbox 1461 1429 1575 1461; x_wconf 83' lang='lat' dir='ltr'>clamat</span> <span class='ocrx_word' id='word_1_187' title='bbox 1602 1429 1637 1461; x_wconf 90' lang='lat' dir='ltr'>in</span> 
     </span>
     <span class='ocr_line' id='line_1_19' title="bbox 166 1497 1634 1542; baseline -0.002 -10"><span class='ocrx_word' id='word_1_188' title='bbox 166 1499 320 1542; x_wconf 82' lang='lat' dir='ltr'>praedicto</span> <span class='ocrx_word' id='word_1_189' title='bbox 335 1499 478 1531; x_wconf 82' lang='lat' dir='ltr'>manerio</span> <span class='ocrx_word' id='word_1_190' title='bbox 494 1510 551 1530; x_wconf 88' lang='lat' dir='ltr'>nec</span> <span class='ocrx_word' id='word_1_191' title='bbox 575 1498 698 1540; x_wconf 82' lang='lat' dir='ltr'>aliquid</span> <span class='ocrx_word' id='word_1_192' title='bbox 723 1497 839 1529; x_wconf 79' lang='lat' dir='ltr'>habere</span> <span class='ocrx_word' id='word_1_193' title='bbox 861 1497 978 1529; x_wconf 74' lang='lat' dir='ltr'>clamat</span> <span class='ocrx_word' id='word_1_194' title='bbox 1002 1500 1144 1540; x_wconf 87' lang='lat' dir='ltr'>tempore</span> <span class='ocrx_word' id='word_1_195' title='bbox 1166 1498 1340 1530; x_wconf 76' lang='lat' dir='ltr'>vacationis</span> <span class='ocrx_word' id='word_1_196' title='bbox 1363 1497 1497 1539; x_wconf 77' lang='lat' dir='ltr'>predicti</span> <span class='ocrx_word' id='word_1_197' title='bbox 1518 1497 1634 1539; x_wconf 82' lang='lat' dir='ltr'>episco-</span> 
     </span>
     <span class='ocr_line' id='line_1_20' title="bbox 165 1565 1635 1610; baseline -0.001 -11"><span class='ocrx_word' id='word_1_198' title='bbox 165 1570 260 1610; x_wconf 81' lang='lat' dir='ltr'>patus</span> <span class='ocrx_word' id='word_1_199' title='bbox 282 1568 333 1599; x_wconf 91' lang='lat' dir='ltr'>vel</span> <span class='ocrx_word' id='word_1_200' title='bbox 356 1568 428 1599; x_wconf 83' lang='lat' dir='ltr'>alio.</span> <span class='ocrx_word' id='word_1_201' title='bbox 474 1567 553 1599; x_wconf 91' lang='lat' dir='ltr'>Ideo</span> <span class='ocrx_word' id='word_1_202' title='bbox 576 1567 767 1609; x_wconf 76' lang='lat' dir='ltr'>praedictum</span> <span class='ocrx_word' id='word_1_203' title='bbox 789 1566 968 1598; x_wconf 81' lang='lat' dir='ltr'>manerium</span> <span class='ocrx_word' id='word_1_204' title='bbox 987 1569 1151 1598; x_wconf 83' lang='lat' dir='ltr'>remaneat</span> <span class='ocrx_word' id='word_1_205' title='bbox 1170 1566 1203 1598; x_wconf 89' lang='lat' dir='ltr'>in</span> <span class='ocrx_word' id='word_1_206' title='bbox 1223 1566 1366 1598; x_wconf 82' lang='lat' dir='ltr'>custodia</span> <span class='ocrx_word' id='word_1_207' title='bbox 1390 1566 1512 1597; x_wconf 89' lang='lat' dir='ltr'>domini</span> <span class='ocrx_word' id='word_1_208' title='bbox 1535 1565 1635 1608; x_wconf 86' lang='lat' dir='ltr'>Regis</span> 
     </span>
     <span class='ocr_line' id='line_1_21' title="bbox 165 1634 1634 1677; baseline -0.002 -9"><span class='ocrx_word' id='word_1_209' title='bbox 165 1636 288 1668; x_wconf 78' lang='lat' dir='ltr'>ratione</span> <span class='ocrx_word' id='word_1_210' title='bbox 310 1636 485 1667; x_wconf 82' lang='lat' dir='ltr'>vacationis</span> <span class='ocrx_word' id='word_1_211' title='bbox 507 1635 642 1677; x_wconf 83' lang='lat' dir='ltr'>predicti</span> <span class='ocrx_word' id='word_1_212' title='bbox 673 1635 882 1677; x_wconf 78' lang='lat' dir='ltr'>episcopatus,</span> <span class='ocrx_word' id='word_1_213' title='bbox 906 1638 963 1667; x_wconf 87' lang='lat' dir='ltr'>etc.</span> <span class='ocrx_word' id='word_1_214' title='bbox 1023 1635 1069 1667; x_wconf 89' lang='lat' dir='ltr'>Et</span> <span class='ocrx_word' id='word_1_215' title='bbox 1090 1635 1236 1667; x_wconf 84' lang='lat' dir='ltr'>similiter</span> <span class='ocrx_word' id='word_1_216' title='bbox 1258 1634 1418 1676; x_wconf 88' lang='lat' dir='ltr'>predictus</span> <span class='ocrx_word' id='word_1_217' title='bbox 1441 1634 1634 1666; x_wconf 52' lang='lat' dir='ltr'>Eunus-nes</span> 
     </span>
     <span class='ocr_line' id='line_1_22' title="bbox 162 1702 1633 1746; baseline -0.003 -10"><span class='ocrx_word' id='word_1_218' title='bbox 162 1704 263 1736; x_wconf 75' lang='lat' dir='ltr'>frater</span> <span class='ocrx_word' id='word_1_219' title='bbox 281 1704 398 1736; x_wconf 81' lang='lat' dir='ltr'>&#39;lomini</span> <span class='ocrx_word' id='word_1_220' title='bbox 412 1704 513 1746; x_wconf 87' lang='lat' dir='ltr'>Regis</span> <span class='ocrx_word' id='word_1_221' title='bbox 528 1704 605 1735; x_wconf 88' lang='lat' dir='ltr'>dicit</span> <span class='ocrx_word' id='word_1_222' title='bbox 621 1703 706 1745; x_wconf 89' lang='lat' dir='ltr'>quod</span> <span class='ocrx_word' id='word_1_223' title='bbox 722 1703 789 1745; x_wconf 88' lang='lat' dir='ltr'>ipse</span> <span class='ocrx_word' id='word_1_224' title='bbox 804 1703 904 1735; x_wconf 75' lang='lat' dir='ltr'>m&#39;ohss</span> <span class='ocrx_word' id='word_1_225' title='bbox 917 1704 1033 1735; x_wconf 82' lang='lat' dir='ltr'>clamat</span> <span class='ocrx_word' id='word_1_226' title='bbox 1046 1704 1085 1735; x_wconf 86' lang='lat' dir='ltr'>de</span> <span class='ocrx_word' id='word_1_227' title='bbox 1098 1706 1211 1735; x_wconf 86' lang='lat' dir='ltr'>caetero</span> <span class='ocrx_word' id='word_1_228' title='bbox 1223 1703 1257 1734; x_wconf 88' lang='lat' dir='ltr'>in</span> <span class='ocrx_word' id='word_1_229' title='bbox 1272 1702 1424 1745; x_wconf 85' lang='lat' dir='ltr'>praedicto</span> <span class='ocrx_word' id='word_1_230' title='bbox 1441 1702 1581 1733; x_wconf 82' lang='lat' dir='ltr'>manerio</span> <span class='ocrx_word' id='word_1_231' title='bbox 1593 1703 1633 1733; x_wconf 87' lang='lat' dir='ltr'>de</span> 
     </span>
     <span class='ocr_line' id='line_1_23' title="bbox 164 1770 1630 1813; baseline -0.003 -8"><span class='ocrx_word' id='word_1_232' title='bbox 164 1772 268 1805; x_wconf 73' lang='lat' dir='ltr'>LONOE</span> <span class='ocrx_word' id='word_1_233' title='bbox 281 1784 330 1804; x_wconf 60' lang='grc' dir='ltr'>ι,10</span> <span class='ocrx_word' id='word_1_234' title='bbox 354 1772 540 1811; x_wconf 77' lang='lat' dir='ltr'>CRESSEMY,</span> <span class='ocrx_word' id='word_1_235' title='bbox 566 1772 695 1803; x_wconf 86' lang='lat' dir='ltr'>nomine</span> <span class='ocrx_word' id='word_1_236' title='bbox 720 1772 872 1803; x_wconf 74' lang='lat' dir='ltr'>custodiae</span> <span class='ocrx_word' id='word_1_237' title='bbox 900 1775 1042 1813; x_wconf 89' lang='lat' dir='ltr'>tempore</span> <span class='ocrx_word' id='word_1_238' title='bbox 1066 1771 1240 1803; x_wconf 79' lang='lat' dir='ltr'>vacationis</span> <span class='ocrx_word' id='word_1_239' title='bbox 1266 1770 1400 1813; x_wconf 87' lang='lat' dir='ltr'>predicti</span> <span class='ocrx_word' id='word_1_240' title='bbox 1425 1771 1630 1812; x_wconf 85' lang='lat' dir='ltr'>episcopatus.</span> 
     </span>
     <span class='ocr_line' id='line_1_24' title="bbox 164 1838 1632 1882; baseline -0.002 -9"><span class='ocrx_word' id='word_1_241' title='bbox 164 1841 243 1874; x_wconf 88' lang='lat' dir='ltr'>Ideo</span> <span class='ocrx_word' id='word_1_242' title='bbox 266 1841 409 1873; x_wconf 71' lang='lat' dir='ltr'>custodia</span> <span class='ocrx_word' id='word_1_243' title='bbox 432 1840 578 1882; x_wconf 85' lang='lat' dir='ltr'>ejusdem</span> <span class='ocrx_word' id='word_1_244' title='bbox 602 1840 735 1871; x_wconf 81' lang='lat' dir='ltr'>manerii</span> <span class='ocrx_word' id='word_1_245' title='bbox 762 1842 925 1871; x_wconf 80' lang='lat' dir='ltr'>remaneat</span> <span class='ocrx_word' id='word_1_246' title='bbox 949 1840 1078 1872; x_wconf 88' lang='lat' dir='ltr'>domino</span> <span class='ocrx_word' id='word_1_247' title='bbox 1104 1839 1198 1881; x_wconf 84' lang='lat' dir='ltr'>Regi,</span> <span class='ocrx_word' id='word_1_248' title='bbox 1224 1842 1366 1881; x_wconf 88' lang='lat' dir='ltr'>tempore</span> <span class='ocrx_word' id='word_1_249' title='bbox 1393 1838 1566 1870; x_wconf 80' lang='lat' dir='ltr'>vacationis</span> <span class='ocrx_word' id='word_1_250' title='bbox 1592 1838 1632 1870; x_wconf 90' lang='lat' dir='ltr'>de</span> 
     </span>
     <span class='ocr_line' id='line_1_25' title="bbox 164 1912 354 1948; baseline 0 -7"><span class='ocrx_word' id='word_1_251' title='bbox 164 1913 277 1948; x_wconf 82' lang='lat' dir='ltr'>cetero,</span> <span class='ocrx_word' id='word_1_252' title='bbox 295 1912 354 1942; x_wconf 85' lang='lat' dir='ltr'>etc.</span> 
     </span>
    </p>

    <p class='ocr_par' dir='ltr' id='par_1_4' title="bbox 163 1974 1630 2224">
     <span class='ocr_line' id='line_1_26' title="bbox 208 1974 1630 2018; baseline -0.002 -10"><span class='ocrx_word' id='word_1_253' title='bbox 208 1977 252 2009; x_wconf 76' lang='lat' dir='ltr'>Et</span> <span class='ocrx_word' id='word_1_254' title='bbox 274 1977 488 2009; x_wconf 75' lang='lat' dir='ltr'>WILLELMUS</span> <span class='ocrx_word' id='word_1_255' title='bbox 511 1977 550 2008; x_wconf 89' lang='lat' dir='ltr'>de</span> <span class='ocrx_word' id='word_1_256' title='bbox 568 1976 736 2008; x_wconf 63' lang='lat' dir='ltr'>Bnnwosa</span> <span class='ocrx_word' id='word_1_257' title='bbox 760 1977 865 2018; x_wconf 85' lang='lat' dir='ltr'>quoad</span> <span class='ocrx_word' id='word_1_258' title='bbox 888 1977 997 2008; x_wconf 81' lang='lat' dir='ltr'>villam</span> <span class='ocrx_word' id='word_1_259' title='bbox 1021 1977 1060 2008; x_wconf 87' lang='lat' dir='ltr'>de</span> <span class='ocrx_word' id='word_1_260' title='bbox 1083 1976 1292 2007; x_wconf 71' lang='lat' dir='ltr'>BIsHorsTON</span> <span class='ocrx_word' id='word_1_261' title='bbox 1310 1974 1397 2013; x_wconf 85' lang='lat' dir='ltr'>dicit,</span> <span class='ocrx_word' id='word_1_262' title='bbox 1414 1974 1498 2016; x_wconf 91' lang='lat' dir='ltr'>quod</span> <span class='ocrx_word' id='word_1_263' title='bbox 1522 1985 1630 2006; x_wconf 79' lang='lat' dir='ltr'>revera</span> 
     </span>
     <span class='ocr_line' id='line_1_27' title="bbox 163 2042 1627 2087; baseline -0.003 -9"><span class='ocrx_word' id='word_1_264' title='bbox 163 2045 274 2078; x_wconf 80' lang='lat' dir='ltr'>ballivi</span> <span class='ocrx_word' id='word_1_265' title='bbox 313 2045 362 2077; x_wconf 91' lang='lat' dir='ltr'>sui</span> <span class='ocrx_word' id='word_1_266' title='bbox 395 2045 429 2077; x_wconf 92' lang='lat' dir='ltr'>in</span> <span class='ocrx_word' id='word_1_267' title='bbox 459 2044 604 2087; x_wconf 81' lang='lat' dir='ltr'>partibus</span> <span class='ocrx_word' id='word_1_268' title='bbox 642 2045 716 2083; x_wconf 78' lang='lat' dir='ltr'>illis,</span> <span class='ocrx_word' id='word_1_269' title='bbox 746 2045 814 2086; x_wconf 87' lang='lat' dir='ltr'>ipso</span> <span class='ocrx_word' id='word_1_270' title='bbox 845 2045 1023 2087; x_wconf 80' lang='lat' dir='ltr'>ignorante,</span> <span class='ocrx_word' id='word_1_271' title='bbox 1051 2047 1123 2086; x_wconf 86' lang='lat' dir='ltr'>post</span> <span class='ocrx_word' id='word_1_272' title='bbox 1149 2046 1284 2075; x_wconf 81' lang='lat' dir='ltr'>mortem</span> <span class='ocrx_word' id='word_1_273' title='bbox 1316 2042 1451 2084; x_wconf 87' lang='lat' dir='ltr'>predicti</span> <span class='ocrx_word' id='word_1_274' title='bbox 1481 2042 1627 2084; x_wconf 88' lang='lat' dir='ltr'>episcopi,</span> 
     </span>
     <span class='ocr_line' id='line_1_28' title="bbox 163 2110 1624 2155; baseline -0.003 -9"><span class='ocrx_word' id='word_1_275' title='bbox 163 2114 351 2146; x_wconf 84' lang='lat' dir='ltr'>seisiverunt</span> <span class='ocrx_word' id='word_1_276' title='bbox 366 2113 400 2145; x_wconf 88' lang='lat' dir='ltr'>in</span> <span class='ocrx_word' id='word_1_277' title='bbox 417 2124 550 2145; x_wconf 81' lang='lat' dir='ltr'>manum</span> <span class='ocrx_word' id='word_1_278' title='bbox 566 2124 656 2145; x_wconf 82' lang='lat' dir='ltr'>suam</span> <span class='ocrx_word' id='word_1_279' title='bbox 671 2115 703 2145; x_wconf 90' lang='lat' dir='ltr'>et</span> <span class='ocrx_word' id='word_1_280' title='bbox 718 2124 775 2155; x_wconf 87' lang='lat' dir='ltr'>per</span> <span class='ocrx_word' id='word_1_281' title='bbox 789 2113 919 2155; x_wconf 80' lang='lat' dir='ltr'>aliquod</span> <span class='ocrx_word' id='word_1_282' title='bbox 934 2115 1060 2155; x_wconf 85' lang='lat' dir='ltr'>tempus</span> <span class='ocrx_word' id='word_1_283' title='bbox 1075 2112 1223 2144; x_wconf 78' lang='lat' dir='ltr'>seisinam</span> <span class='ocrx_word' id='word_1_284' title='bbox 1239 2111 1330 2143; x_wconf 77' lang='lat' dir='ltr'>illam</span> <span class='ocrx_word' id='word_1_285' title='bbox 1346 2110 1624 2149; x_wconf 80' lang='lat' dir='ltr'>continuaverunt,</span> 
     </span>
     <span class='ocr_line' id='line_1_29' title="bbox 164 2178 1630 2224; baseline -0.003 -10"><span class='ocrx_word' id='word_1_286' title='bbox 164 2182 211 2214; x_wconf 78' lang='lat' dir='ltr'>ita</span> <span class='ocrx_word' id='word_1_287' title='bbox 234 2183 321 2224; x_wconf 90' lang='lat' dir='ltr'>quod</span> <span class='ocrx_word' id='word_1_288' title='bbox 346 2186 455 2224; x_wconf 82' lang='lat' dir='ltr'>postea</span> <span class='ocrx_word' id='word_1_289' title='bbox 482 2181 662 2213; x_wconf 69' lang='lat' dir='ltr'>Ronmwus</span> <span class='ocrx_word' id='word_1_290' title='bbox 689 2180 843 2213; x_wconf 76' lang='grc' dir='ltr'>ΤΥΡΕΤΟΤ</span> <span class='ocrx_word' id='word_1_291' title='bbox 870 2181 1001 2213; x_wconf 86' lang='lat' dir='ltr'>veniens</span> <span class='ocrx_word' id='word_1_292' title='bbox 1027 2180 1061 2212; x_wconf 91' lang='lat' dir='ltr'>in</span> <span class='ocrx_word' id='word_1_293' title='bbox 1087 2179 1232 2222; x_wconf 80' lang='lat' dir='ltr'>partibus</span> <span class='ocrx_word' id='word_1_294' title='bbox 1258 2179 1332 2217; x_wconf 83' lang='lat' dir='ltr'>illis,</span> <span class='ocrx_word' id='word_1_295' title='bbox 1358 2178 1517 2210; x_wconf 83' lang='lat' dir='ltr'>intellexit</span> <span class='ocrx_word' id='word_1_296' title='bbox 1544 2178 1630 2220; x_wconf 87' lang='lat' dir='ltr'>quod</span> 
     </span>
    </p>
   </div>
   <div class='ocr_carea' id='block_1_3' title="bbox 163 2246 1627 2293">
    <p class='ocr_par' dir='ltr' id='par_1_5' title="bbox 163 2246 1627 2293">
     <span class='ocr_line' id='line_1_30' title="bbox 163 2246 1627 2293; baseline -0.003 -11"><span class='ocrx_word' id='word_1_297' title='bbox 163 2251 315 2293; x_wconf 68' lang='lat' dir='ltr'>praedicta</span> <span class='ocrx_word' id='word_1_298' title='bbox 345 2250 422 2282; x_wconf 85' lang='lat' dir='ltr'>villa</span> <span class='ocrx_word' id='word_1_299' title='bbox 451 2260 517 2282; x_wconf 84' lang='lat' dir='ltr'>esse</span> <span class='ocrx_word' id='word_1_300' title='bbox 549 2249 678 2281; x_wconf 87' lang='lat' dir='ltr'>deberet</span> <span class='ocrx_word' id='word_1_301' title='bbox 704 2249 738 2281; x_wconf 90' lang='lat' dir='ltr'>iu</span> <span class='ocrx_word' id='word_1_302' title='bbox 762 2260 861 2281; x_wconf 80' lang='lat' dir='ltr'>manu</span> <span class='ocrx_word' id='word_1_303' title='bbox 885 2249 1006 2281; x_wconf 88' lang='lat' dir='ltr'>domini</span> <span class='ocrx_word' id='word_1_304' title='bbox 1033 2248 1142 2291; x_wconf 58' lang='lat' dir='ltr'>Regina,</span> <span class='ocrx_word' id='word_1_305' title='bbox 1171 2247 1300 2280; x_wconf 85' lang='lat' dir='ltr'>nomine</span> <span class='ocrx_word' id='word_1_306' title='bbox 1326 2246 1478 2278; x_wconf 72' lang='lat' dir='ltr'>custodiae</span> <span class='ocrx_word' id='word_1_307' title='bbox 1506 2246 1627 2278; x_wconf 81' lang='lat' dir='ltr'>ratione</span> 
     </span>
    </p>
   </div>
  </div>
 </body>
</html>
