1820 2548
271 184 334 216 880

853 359 1053 392 DCCLXX.

227 440 502 474 CIROGRAPH
539 440 836 473 AGREEMENT
876 440 1111 474 BETWEEN
1148 441 1357 474 MARGAM
1391 442 1553 475 ABBEY
1581 443 1683 476 AND

333 508 527 541 THOMAS
556 508 618 541 LE
648 508 844 547 SPODUR,
870 508 929 541 OF
959 508 1350 549 BONEVILISTONE,
1379 510 1686 545 CONGERNING

332 577 400 610 AN
445 577 711 609 EXCHANGE
758 576 817 609 OF
862 576 994 609 LAND
1042 577 1144 609 AND
1192 577 1226 610 A
1274 577 1443 617 HOUSE,
1481 578 1591 619 ETO„
1629 579 1684 612 IN

333 645 658 684 ΤῩΤΗΕΘΞΤΟΝ,
686 645 779 677 FOR
808 644 940 677 LAND
969 645 1023 677 IN
1054 645 1444 679 BONEVILISTONE.

679 725 810 768 [HARL.
837 725 1011 765 CHARTER‚
1039 727 1079 766 75
1104 726 1146 758 A.
1175 726 1244 769 42.]
1381 727 1498 760 lsz.
1545 728 1638 760 1291.

537 806 1371 840 A.B.O.D.E.F.G.H.1.K.L.M.

263 888 335 920 Hec
358 890 405 920 est
425 887 593 920 convencio
615 887 700 920 facta
718 888 802 919 inter
818 887 965 920 abbatem
981 890 1013 919 et
1027 892 1219 920 conventum
1235 889 1273 920 de
1289 888 1443 920 MARGAN
1460 900 1498 921 ex
1513 901 1579 922 una
1592 892 1683 932 parte

222 962 253 989 et
271 956 424 989 THOMAM
441 967 481 988 LE
505 955 641 988 Sponm
657 957 695 988 de
719 956 992 988 Boxmmsroxn
1008 959 1039 988 et
1060 956 1160 988 altera
1175 956 1322 988 videlicet
1338 958 1423 999 quod
1438 957 1524 989 idem
1540 957 1683 990 Tuom

218 1025 370 1057 concessit
399 1024 521 1056 remisit
552 1029 582 1056 et
614 1024 757 1066 quietum
790 1024 939 1055 clamavit
970 1035 1026 1066 pro
1052 1035 1084 1055 se
1111 1027 1142 1055 et
1167 1023 1336 1056 heredibus
1361 1025 1426 1056 suis
1452 1027 1484 1057 et
1513 1025 1683 1068 assignatis

218 1092 444 1134 inperpetuum
468 1091 561 1123 dictis
585 1091 694 1123 abbati
710 1095 741 1123 et
762 1091 933 1123 conventui
949 1094 980 1123 et
995 1103 1105 1123 eorum
1121 1091 1348 1124 successoribus
1363 1104 1463 1124 unam
1478 1104 1584 1125 acram
1598 1095 1681 1125 terre

219 1160 348 1192 arabilis
373 1171 444 1192 cum
469 1171 534 1191 una
563 1160 656 1191 domo
683 1162 715 1191 et
742 1159 910 1201 curtilagio
937 1159 971 1191 in
996 1159 1073 1191 vffla
1098 1160 1138 1191 de
1163 1159 1413 1191 Tunnmsrown
1440 1172 1537 1202 quam
1562 1162 1682 1193 terram

220 1229 352 1260 domum
373 1232 405 1260 et
426 1228 632 1270 curtilagium
653 1227 795 1259 Tamus
817 1227 902 1259 filius
923 1227 1076 1259 ROBERTI
1098 1239 1187 1259 cecus
1203 1229 1364 1270 quondam
1388 1229 1492 1261 tenuit
1507 1229 1547 1261 de
1568 1228 1682 1261 abbate

221 1300 253 1328 et
275 1299 434 1328 conventu
457 1297 496 1328 de
519 1295 673 1327 MARGAN
689 1321 694 1326 .
709 1307 770 1338 que
793 1296 922 1337 quidem
945 1306 1016 1327 acra
1038 1307 1110 1327 cum
1132 1296 1335 1337 pertinenciis
1352 1296 1438 1338 jacet
1460 1298 1544 1328 inter
1565 1298 1684 1329 terram

221 1364 449 1396 monachorum
465 1364 504 1395 de
519 1363 673 1395 MARGAN
690 1366 721 1396 et
733 1374 885 1406 magnam
898 1363 983 1395 viam
998 1375 1059 1405 que
1071 1363 1158 1395 ducit
1174 1364 1215 1395 ad
1227 1375 1427 1395 communem
1442 1366 1606 1406 pasturam
1622 1375 1683 1406 que

219 1433 337 1464 dicitur
363 1432 540 1464 Nncroxls
567 1432 700 1463 DovxE.
748 1431 946 1463 Habendum
971 1434 1002 1463 et
1029 1432 1205 1463 tenendum
1232 1431 1329 1463 libere
1353 1434 1385 1463 et
1411 1432 1518 1473 quiete
1541 1432 1623 1464 bene
1650 1435 1682 1465 et

219 1501 347 1543 pacifice
375 1500 493 1542 absque
523 1500 587 1531 ulla
613 1500 839 1532 reclamacione
867 1511 923 1531 seu
947 1499 1156 1531 retinemento
1188 1499 1264 1531 dicti
1295 1499 1421 1531 THOME
1448 1500 1498 1532 vel
1528 1500 1682 1533 heredum

222 1580 351 1600 suorum
367 1580 421 1600 seu
437 1569 671 1611 assignatorum
687 1568 921 1610 inperpetuum.
970 1567 1031 1599 Pro
1046 1567 1105 1599 hac
1121 1570 1227 1599 autem
1241 1567 1437 1600 concessione
1453 1568 1636 1600 remissione
1650 1571 1682 1601 et

222 1638 330 1680 quieta
361 1637 551 1669 clamacione
589 1636 693 1668 dictus
723 1635 820 1668 abbas
850 1638 882 1668 et
919 1638 1092 1668 conventus
1130 1639 1348 1668 concesserunt
1379 1636 1463 1668 dicto
1494 1635 1627 1669 THOME'
1649 1639 1682 1668 et

220 1705 390 1737 heredibus
413 1705 477 1736 suis
499 1705 580 1736 duas
595 1716 682 1736 acras
703 1707 785 1736 terre
801 1704 929 1735 arabilis
945 1704 979 1735 in
1002 1703 1094 1735 feodo
1110 1704 1148 1735 de
1164 1703 1439 1735 Boxmwmsmxss
1456 1715 1592 1746 quarum
1616 1714 1683 1736 una

221 1774 306 1816 jacet
322 1774 356 1805 in
373 1784 482 1815 campo
499 1773 553 1815 qui
570 1776 700 1804 vocatur
717 1772 814 1804 Rana
831 1771 929 1804 Loxn
943 1798 948 1803 .
963 1774 994 1803 et
1010 1772 1110 1803 altera
1120 1771 1215 1813 juxta
1229 1772 1336 1803 villam
1353 1773 1392 1803 de
1408 1771 1682 1804 Boxzwmsmnn

222 1853 318 1884 quam
343 1841 504 1873 Bon-Ean<
528 1841 613 1872 filius
635 1840 728 1872 Cim
751 1841 911 1882 quondam
932 1840 1045 1871 tenuit.
1093 1839 1291 1871 Habendum
1315 1844 1346 1871 et
1368 1840 1543 1871 tenendum
1567 1839 1626 1871 sibi
1649 1842 1681 1872 et

221 1909 391 1941 heredibus
418 1910 482 1940 suis
508 1909 742 1950 inperpetuum.
790 1908 967 1939 Reddendo
991 1908 1066 1939 inde
1096 1907 1264 1939 annuatim
1290 1910 1401 1939 med.
1429 1908 1470 1939 ad
1493 1908 1572 1939 duos
1605 1907 1682 1939 anni

221 1977 373 2009 terminos
398 1977 543 2009 videlicet
567 1977 607 2008 ad
638 1976 753 2018 pascha
784 1978 866 2008 vmd.
900 1978 931 2008 et
961 1976 1002 2007 ad
1026 1975 1145 2007 festum
1168 1975 1277 2007 Sancti
1299 1975 1493 2007 MICHAELIS
1516 1978 1599 2007 md.
1623 1986 1680 2018 pro

223 2046 309 2077 omni
331 2045 459 2076 servicio
487 2044 618 2076 seculari
647 2044 812 2076 exaccione
833 2046 863 2075 et
888 2044 1045 2075 demanda
1069 2043 1206 2085 exceptis
1229 2043 1320 2074 sectis
1343 2043 1501 2075 curiarum
1525 2043 1683 2075 dictorum

221 2113 345 2145 abbatis
366 2119 395 2144 et
418 2116 601 2145 conventus.
648 2112 693 2144 Et
715 2115 787 2155 post
806 2113 966 2144 decessum
983 2112 1059 2144 dicti
1076 2112 1201 2144 ΤΗΟΜΕ
1217 2112 1320 2143 dictus
1336 2111 1432 2143 abbas
1454 2114 1485 2143 et
1509 2114 1682 2143 conventus

219 2182 339 2214 dictam
369 2186 487 2213 terram
517 2181 551 2212 in
583 2191 681 2212 manu
712 2192 768 2212 sua
798 2180 953 2212 tenebunt
980 2191 1142 2222 quousque
1168 2180 1298 2211 heredes
1324 2179 1372 2211 sui
1399 2179 1539 2221 quinque
1567 2179 1682 2211 solidos

220 2251 446 2292 steriingorum
472 2249 564 2281 dictis
585 2248 692 2280 abbati
716 2252 747 2280 et
774 2249 943 2280 conventui
966 2260 1022 2291 pro
1044 2248 1164 2280 herieto
1189 2252 1220 2279 et
1239 2248 1385 2290 ingressu
1408 2259 1464 2279 suo
1487 2247 1679 2290 pacaverint.
