1820 2548
1512 214 1594 245 1095

215 370 302 403 Item
317 371 429 403 dicunt
445 371 531 413 quod
546 371 632 403 idem
647 370 669 402 J
671 381 830 402 OHANNES
846 370 967 402 IWAYN
984 370 1047 402 fuit
1063 370 1188 402 seisitus
1203 370 1255 402 die
1271 381 1335 412 quo
1351 369 1431 402 obiit
1445 370 1485 402 de
1500 370 1637 413 triginta

171 439 274 471 tribus
295 439 404 471 solidis
424 442 456 471 et
477 441 615 481 quatuor
633 439 773 471 denariis
793 439 893 470 annui
912 439 1056 470 redditus
1072 450 1145 470 cum
1165 438 1368 480 pertinentiis
1383 438 1417 470 in
1433 439 1544 470 eadem
1560 439 1638 470 villa

171 519 233 550 que
249 510 400 540 tenentur
415 508 454 540 de
466 507 588 539 ALANO
604 507 795 539 PLUKENET
810 519 866 549 per
881 507 1071 539 fideIitatem
1083 510 1115 540 et
1125 512 1244 540 sectam
1256 507 1341 539 curie
1351 510 1384 539 et
1398 518 1454 549 per
1470 508 1637 539 servicium

173 578 286 619 quarte
300 576 402 618 partis
417 576 503 608 feodi
518 576 615 608 unius
630 576 751 608 militis.
798 575 845 607 Et
860 576 968 607 valent
984 587 1041 618 per
1056 587 1177 608 annum
1187 575 1305 618 viginti
1321 587 1376 607 sex
1392 575 1509 608 solidos
1521 578 1552 608 et
1568 579 1637 608 octo

172 644 319 676 denarios
333 644 367 675 in
384 643 531 676 omnibus
546 643 694 675 exitibus.

216 712 340 744 Dicunt
361 713 461 745 eciam
484 713 569 754 quod
589 712 675 744 idem
691 712 713 744 J
715 723 870 744 OHANNES
887 711 1008 744 Imm
1025 712 1131 744 tenuit
1146 723 1256 744 omnes
1271 713 1429 754 predictas
1448 711 1581 755 [terras]
1607 715 1639 744 et

171 783 357 814 tenementa
373 781 515 824 predicta
529 782 564 813 in
580 781 673 813 feodo
689 783 722 813 et
736 792 802 813 non
817 781 880 812 alio
903 781 1007 812 modo.

214 849 261 881 Et
281 850 394 881 dicunt
412 850 498 891 quod
513 849 637 881 ALICIA
658 849 726 881 fih'a
741 849 930 882 WILLELMI
951 848 1099 881 Rocnm’
1115 849 1253 891 junioris
1268 852 1339 892 post
1354 852 1490 881 mortem
1505 850 1640 891 predicti

171 918 194 951 J
196 930 347 950 OHANNIS
372 918 503 957 IWAYN‚
529 921 566 950 ut
593 919 831 961 consanguinea
861 921 893 950 et
924 918 994 960 ejus
1025 918 1125 957 heres,
1157 929 1266 950 omnes
1295 894 1453 960 predictas
1479 921 1579 950 terras
1609 922 1640 951 et

170 989 355 1019 tenementa
376 998 448 1018 cum
471 987 675 1029 pertinentiis
696 987 731 1018 in
747 987 824 1018 villa
839 987 878 1018 de
894 987 1141 1019 DEWESWALLE
1157 987 1300 1029 ingressa
1315 987 1379 1019 fuit
1395 987 1446 1019 die
1461 987 1639 1019 Mmcmzn

170 1055 204 1087 in
226 1056 338 1098 vigilia
357 1055 565 1087 Ascenoionis
585 1055 709 1087 domini
731 1066 816 1087 anno
836 1056 929 1098 regni
951 1055 1052 1098 Regis
1074 1055 1243 1087 EDWARDI
1269 1055 1328 1087 filii
1349 1055 1450 1098 Regis
1472 1055 1640 1087 EnwARm

170 1123 408 1166 quartodecimo
430 1126 463 1155 et
483 1124 632 1156 seisinam
653 1135 745 1156 suam
760 1124 836 1156 inde
852 1124 1052 1156 continuavit
1067 1135 1167 1166 usque
1183 1125 1225 1156 ad
1241 1124 1327 1156 diem
1343 1124 1366 1156 J
1367 1135 1441 1156 ovis
1456 1125 1639 1167 proximum

167 1196 239 1236 post
268 1193 387 1225 festum
414 1193 645 1235 purificationis
669 1193 761 1225 beate
791 1192 914 1225 MAROE
945 1204 1030 1225 anno
1060 1193 1154 1235 regni
1182 1193 1282 1236 Regis
1308 1192 1479 1224 EnwARm
1506 1194 1640 1235 predicti

167 1261 415 1304 quintodecimo,
432 1264 480 1293 set
502 1264 610 1293 tamen
634 1263 818 1294 tenementa
840 1262 983 1302 predicta
1006 1262 1040 1292 in
1063 1261 1141 1293 villa
1157 1262 1196 1293 de
1220 1261 1383 1294 Wo‘rTON'
1407 1261 1551 1304 ingressa
1574 1274 1638 1294 non

172 1331 245 1363 fuit.

215 1399 338 1432 Dicunt
369 1399 469 1431 eciam
500 1399 586 1441 quod
615 1399 756 1441 predicta
786 1399 910 1431 Amen
940 1399 1150 1441 propinquior
1179 1399 1270 1431 heres
1299 1399 1434 1441 predicti
1465 1399 1487 1431 J
1489 1410 1639 1432 onANNis

171 1467 292 1500 IWAYN
309 1471 357 1500 est
380 1494 386 1500 .
411 1468 457 1500 Et
473 1469 512 1500 de
528 1470 613 1500 etate
628 1468 771 1510 quinque
787 1479 955 1499 annorum.

216 1536 339 1568 Dicunt
359 1536 459 1568 eciam
486 1537 572 1579 quod
597 1547 706 1568 omnes
732 1537 873 1578 predicte
896 1539 978 1568 terre
1005 1539 1037 1568 et
1061 1536 1169 1568 omnia
1193 1536 1336 1578 predicta
1357 1539 1541 1568 tenementa
1564 1548 1637 1569 cum

169 1605 374 1648 pertinentiis
396 1607 471 1637 sunt
492 1605 527 1636 in
550 1616 649 1637 manu
664 1605 787 1637 domini
808 1604 910 1647 Regis
925 1616 982 1647 per
997 1606 1182 1646 preceptum
1205 1616 1299 1636 suum
1314 1604 1373 1636 sub
1388 1605 1513 1646 privzito
1529 1605 1636 1647 sigillo

170 1673 349 1705 vicecomiti
364 1673 595 1705 HEREFORmE
611 1673 741 1705 directo.

212 1741 254 1773 In
270 1741 320 1784 cuj
326 1753 363 1773 us
377 1741 423 1773 rei
446 1742 666 1774 testimonium
681 1742 788 1785 sigilla
804 1741 1020 1784 predictorum
1035 1741 1217 1784 juratorum
1233 1742 1308 1774 huic
1331 1742 1535 1784 inquisicioni
1558 1746 1634 1775 sunt

169 1821 318 1853 appensa.
