<?xml version="1.0" encoding="UTF-8"?>
<!DOCTYPE html PUBLIC "-//W3C//DTD XHTML 1.0 Transitional//EN"
    "http://www.w3.org/TR/xhtml1/DTD/xhtml1-transitional.dtd">
<html xmlns="http://www.w3.org/1999/xhtml" xml:lang="en" lang="en">
 <head>
  <title>
</title>
<meta http-equiv="Content-Type" content="text/html;charset=utf-8" />
  <meta name='ocr-system' content='tesseract 3.04.00' />
  <meta name='ocr-capabilities' content='ocr_page ocr_carea ocr_par ocr_line ocrx_word'/>
</head>
<body>
  <div class='ocr_page' id='page_1' title='image "./cartaeetaliamuni03claruoft_0405.png"; bbox 0 0 1820 2548; ppageno 0'>
   <div class='ocr_carea' id='block_1_1' title="bbox 1546 200 1628 232">
    <p class='ocr_par' dir='ltr' id='par_1_1' title="bbox 1546 200 1628 232">
     <span class='ocr_line' id='line_1_1' title="bbox 1546 200 1628 232; baseline 0.012 -1"><span class='ocrx_word' id='word_1_1' title='bbox 1546 200 1628 232; x_wconf 88' lang='grc'>1107</span> 
     </span>
    </p>
   </div>
   <div class='ocr_carea' id='block_1_2' title="bbox 834 352 1043 385">
    <p class='ocr_par' dir='ltr' id='par_1_2' title="bbox 834 352 1043 385">
     <span class='ocr_line' id='line_1_2' title="bbox 834 352 1043 385; baseline 0 0"><span class='ocrx_word' id='word_1_2' title='bbox 834 352 1043 385; x_wconf 85' lang='lat' dir='ltr'>DCCCCXI.</span> 
     </span>
    </p>
   </div>
   <div class='ocr_carea' id='block_1_3' title="bbox 202 433 1669 606">
    <p class='ocr_par' dir='ltr' id='par_1_3' title="bbox 202 433 1669 606">
     <span class='ocr_line' id='line_1_3' title="bbox 202 433 1669 472; baseline 0 -2"><span class='ocrx_word' id='word_1_3' title='bbox 202 435 487 472; x_wconf 79' lang='lat' dir='ltr'><strong>QUIT-CLAJM</strong></span> <span class='ocrx_word' id='word_1_4' title='bbox 521 434 587 467; x_wconf 76' lang='grc' dir='ltr'>ΒΥ</span> <span class='ocrx_word' id='word_1_5' title='bbox 622 433 810 466; x_wconf 79' lang='lat' dir='ltr'><strong>ROBERT</strong></span> <span class='ocrx_word' id='word_1_6' title='bbox 842 433 906 465; x_wconf 88' lang='lat' dir='ltr'>DE</span> <span class='ocrx_word' id='word_1_7' title='bbox 940 434 1124 468; x_wconf 78' lang='lat' dir='ltr'>PFNRFs</span> <span class='ocrx_word' id='word_1_8' title='bbox 1157 435 1214 467; x_wconf 84' lang='lat' dir='ltr'>To</span> <span class='ocrx_word' id='word_1_9' title='bbox 1252 435 1473 468; x_wconf 84' lang='lat' dir='ltr'><strong>WILLIAM</strong></span> <span class='ocrx_word' id='word_1_10' title='bbox 1507 437 1570 469; x_wconf 82' lang='lat' dir='ltr'>DE</span> <span class='ocrx_word' id='word_1_11' title='bbox 1605 437 1669 470; x_wconf 84' lang='lat' dir='ltr'>LA</span> 
     </span>
     <span class='ocr_line' id='line_1_4' title="bbox 310 487 1667 544; baseline 0.001 -8"><span class='ocrx_word' id='word_1_12' title='bbox 310 504 451 544; x_wconf 80' lang='lat' dir='ltr'>LAKE,</span> <span class='ocrx_word' id='word_1_13' title='bbox 495 502 680 536; x_wconf 79' lang='lat' dir='ltr'><strong>REOTOR</strong></span> <span class='ocrx_word' id='word_1_14' title='bbox 725 502 785 535; x_wconf 99' lang='lat' dir='ltr'>OF</span> <span class='ocrx_word' id='word_1_15' title='bbox 832 502 1041 544; x_wconf 64' lang='lat' dir='ltr'>Oxwion,</span> <span class='ocrx_word' id='word_1_16' title='bbox 1092 504 1152 535; x_wconf 90' lang='lat' dir='ltr'>OF</span> <span class='ocrx_word' id='word_1_17' title='bbox 1201 487 1299 536; x_wconf 69' lang='lat' dir='ltr'>THE</span> <span class='ocrx_word' id='word_1_18' title='bbox 1346 505 1518 538; x_wconf 79' lang='lat' dir='ltr'><strong>MANOR</strong></span> <span class='ocrx_word' id='word_1_19' title='bbox 1565 506 1667 538; x_wconf 73' lang='grc' dir='ltr'>ΛΝΒ</span> 
     </span>
     <span class='ocr_line' id='line_1_5' title="bbox 309 570 904 606; baseline -0.005 0"><span class='ocrx_word' id='word_1_20' title='bbox 309 571 576 606; x_wconf 78' lang='lat' dir='ltr'><strong>ADVOWSON</strong></span> <span class='ocrx_word' id='word_1_21' title='bbox 606 571 666 604; x_wconf 88' lang='lat' dir='ltr'>OF</span> <span class='ocrx_word' id='word_1_22' title='bbox 696 570 904 604; x_wconf 81' lang='lat' dir='ltr'><strong>OXWIOH.</strong></span> 
     </span>
    </p>
   </div>
   <div class='ocr_carea' id='block_1_4' title="bbox 189 639 1667 2254">
    <p class='ocr_par' dir='ltr' id='par_1_4' title="bbox 736 639 1622 744">
     <span class='ocr_line' id='line_1_6' title="bbox 736 639 1128 684; baseline 0.003 -12"><span class='ocrx_word' id='word_1_23' title='bbox 736 639 911 683; x_wconf 74' lang='lat' dir='ltr'>[MARGAM</span> <span class='ocrx_word' id='word_1_24' title='bbox 935 640 1128 684; x_wconf 50' lang='lat' dir='ltr'>Granum]</span> 
     </span>
     <span class='ocr_line' id='line_1_7' title="bbox 1062 709 1622 744; baseline 0.004 -3"><span class='ocrx_word' id='word_1_25' title='bbox 1062 711 1101 742; x_wconf 80' lang='lat'>19</span> <span class='ocrx_word' id='word_1_26' title='bbox 1118 710 1211 742; x_wconf 64' lang='lat' dir='ltr'>Mn.</span> <span class='ocrx_word' id='word_1_27' title='bbox 1261 711 1300 741; x_wconf 86' lang='lat'>16</span> <span class='ocrx_word' id='word_1_28' title='bbox 1316 709 1413 742; x_wconf 84' lang='lat' dir='ltr'>Enw.</span> <span class='ocrx_word' id='word_1_29' title='bbox 1431 710 1479 743; x_wconf 89' lang='lat' dir='ltr'>II.</span> <span class='ocrx_word' id='word_1_30' title='bbox 1528 712 1622 744; x_wconf 81' lang='lat'>1323.</span> 
     </span>
    </p>

    <p class='ocr_par' dir='ltr' id='par_1_5' title="bbox 189 779 1667 1774">
     <span class='ocr_line' id='line_1_8' title="bbox 243 779 1667 822; baseline 0.001 -11"><span class='ocrx_word' id='word_1_31' title='bbox 243 779 357 812; x_wconf 78' lang='lat' dir='ltr'>Pateat</span> <span class='ocrx_word' id='word_1_32' title='bbox 396 779 552 811; x_wconf 87' lang='lat' dir='ltr'>universis</span> <span class='ocrx_word' id='word_1_33' title='bbox 581 790 638 821; x_wconf 89' lang='lat' dir='ltr'>per</span> <span class='ocrx_word' id='word_1_34' title='bbox 674 781 836 821; x_wconf 73' lang='lat' dir='ltr'>presentes</span> <span class='ocrx_word' id='word_1_35' title='bbox 866 780 952 821; x_wconf 90' lang='lat' dir='ltr'>quod</span> <span class='ocrx_word' id='word_1_36' title='bbox 990 791 1050 822; x_wconf 86' lang='lat' dir='ltr'>ego</span> <span class='ocrx_word' id='word_1_37' title='bbox 1081 779 1262 812; x_wconf 68' lang='lat' dir='ltr'>Ronmws</span> <span class='ocrx_word' id='word_1_38' title='bbox 1291 781 1331 812; x_wconf 88' lang='lat' dir='ltr'>de</span> <span class='ocrx_word' id='word_1_39' title='bbox 1362 780 1500 813; x_wconf 77' lang='lat' dir='ltr'>PENRES</span> <span class='ocrx_word' id='word_1_40' title='bbox 1530 781 1667 813; x_wconf 73' lang='lat' dir='ltr'>concessi</span> 
     </span>
     <span class='ocr_line' id='line_1_9' title="bbox 198 847 1667 892; baseline 0.001 -12"><span class='ocrx_word' id='word_1_41' title='bbox 198 847 305 880; x_wconf 74' lang='lat' dir='ltr'>remisi</span> <span class='ocrx_word' id='word_1_42' title='bbox 321 847 462 880; x_wconf 78' lang='lat' dir='ltr'><strong>relaxavi</strong></span> <span class='ocrx_word' id='word_1_43' title='bbox 479 850 509 879; x_wconf 79' lang='lat' dir='ltr'>et</span> <span class='ocrx_word' id='word_1_44' title='bbox 526 847 656 879; x_wconf 88' lang='lat' dir='ltr'>omnino</span> <span class='ocrx_word' id='word_1_45' title='bbox 672 859 730 890; x_wconf 89' lang='lat' dir='ltr'>pro</span> <span class='ocrx_word' id='word_1_46' title='bbox 745 859 797 879; x_wconf 89' lang='lat' dir='ltr'>me</span> <span class='ocrx_word' id='word_1_47' title='bbox 813 850 844 880; x_wconf 87' lang='lat' dir='ltr'>et</span> <span class='ocrx_word' id='word_1_48' title='bbox 868 847 1039 880; x_wconf 81' lang='lat' dir='ltr'>heredibus</span> <span class='ocrx_word' id='word_1_49' title='bbox 1065 848 1144 880; x_wconf 78' lang='lat' dir='ltr'>meis</span> <span class='ocrx_word' id='word_1_50' title='bbox 1172 860 1208 881; x_wconf 84' lang='lat' dir='ltr'>ac</span> <span class='ocrx_word' id='word_1_51' title='bbox 1232 849 1404 892; x_wconf 78' lang='lat' dir='ltr'>assignatis</span> <span class='ocrx_word' id='word_1_52' title='bbox 1429 850 1667 892; x_wconf 75' lang='lat' dir='ltr'>imperpetuum</span> 
     </span>
     <span class='ocr_line' id='line_1_10' title="bbox 199 907 1666 960; baseline 0.001 -11"><span class='ocrx_word' id='word_1_53' title='bbox 199 917 346 960; x_wconf 83' lang='lat' dir='ltr'>quietum</span> <span class='ocrx_word' id='word_1_54' title='bbox 361 916 496 948; x_wconf 81' lang='lat' dir='ltr'>clamavi</span> <span class='ocrx_word' id='word_1_55' title='bbox 511 907 642 948; x_wconf 82' lang='lat' dir='ltr'>domino</span> <span class='ocrx_word' id='word_1_56' title='bbox 657 915 852 949; x_wconf 80' lang='lat' dir='ltr'><strong>WILLELMO</strong></span> <span class='ocrx_word' id='word_1_57' title='bbox 868 917 908 948; x_wconf 86' lang='lat' dir='ltr'>de</span> <span class='ocrx_word' id='word_1_58' title='bbox 923 917 956 948; x_wconf 82' lang='lat' dir='ltr'>la</span> <span class='ocrx_word' id='word_1_59' title='bbox 971 916 1072 948; x_wconf 59' lang='lat' dir='ltr'><strong>LAKE</strong></span> <span class='ocrx_word' id='word_1_60' title='bbox 1088 917 1202 949; x_wconf 82' lang='lat' dir='ltr'>rectori</span> <span class='ocrx_word' id='word_1_61' title='bbox 1225 918 1352 950; x_wconf 77' lang='lat' dir='ltr'>ecclesie</span> <span class='ocrx_word' id='word_1_62' title='bbox 1377 919 1417 950; x_wconf 90' lang='lat' dir='ltr'>de</span> <span class='ocrx_word' id='word_1_63' title='bbox 1443 918 1666 950; x_wconf 82' lang='lat' dir='ltr'>OXYNWYCHE</span> 
     </span>
     <span class='ocr_line' id='line_1_11' title="bbox 197 984 1666 1028; baseline 0.001 -10"><span class='ocrx_word' id='word_1_64' title='bbox 197 985 367 1018; x_wconf 70' lang='lat' dir='ltr'>heredibus</span> <span class='ocrx_word' id='word_1_65' title='bbox 382 985 447 1017; x_wconf 87' lang='lat' dir='ltr'>suis</span> <span class='ocrx_word' id='word_1_66' title='bbox 462 987 494 1016; x_wconf 71' lang='lat' dir='ltr'>eb</span> <span class='ocrx_word' id='word_1_67' title='bbox 510 984 682 1027; x_wconf 81' lang='lat' dir='ltr'>assignatis</span> <span class='ocrx_word' id='word_1_68' title='bbox 697 987 802 1018; x_wconf 72' lang='lat' dir='ltr'>totum</span> <span class='ocrx_word' id='word_1_69' title='bbox 817 985 870 1028; x_wconf 83' lang='lat' dir='ltr'>jus</span> <span class='ocrx_word' id='word_1_70' title='bbox 886 996 994 1017; x_wconf 89' lang='lat' dir='ltr'>meum</span> <span class='ocrx_word' id='word_1_71' title='bbox 1010 988 1043 1018; x_wconf 71' lang='lat' dir='ltr'>et</span> <span class='ocrx_word' id='word_1_72' title='bbox 1068 985 1225 1018; x_wconf 77' lang='lat' dir='ltr'>olameum</span> <span class='ocrx_word' id='word_1_73' title='bbox 1251 987 1337 1028; x_wconf 86' lang='lat' dir='ltr'>quod</span> <span class='ocrx_word' id='word_1_74' title='bbox 1364 986 1466 1019; x_wconf 81' lang='lat' dir='ltr'>habeo</span> <span class='ocrx_word' id='word_1_75' title='bbox 1492 987 1591 1019; x_wconf 78' lang='lat' dir='ltr'>habui</span> <span class='ocrx_word' id='word_1_76' title='bbox 1616 988 1666 1020; x_wconf 87' lang='lat' dir='ltr'>vel</span> 
     </span>
     <span class='ocr_line' id='line_1_12' title="bbox 197 1053 1666 1097; baseline 0.001 -9"><span class='ocrx_word' id='word_1_77' title='bbox 197 1055 321 1088; x_wconf 82' lang='lat' dir='ltr'>ratione</span> <span class='ocrx_word' id='word_1_78' title='bbox 337 1053 474 1096; x_wconf 78' lang='lat' dir='ltr'>alicujus</span> <span class='ocrx_word' id='word_1_79' title='bbox 488 1053 571 1096; x_wconf 84' lang='lat' dir='ltr'>juris</span> <span class='ocrx_word' id='word_1_80' title='bbox 585 1053 702 1086; x_wconf 85' lang='lat' dir='ltr'>habere</span> <span class='ocrx_word' id='word_1_81' title='bbox 717 1054 809 1096; x_wconf 78' lang='lat' dir='ltr'>potui</span> <span class='ocrx_word' id='word_1_82' title='bbox 824 1054 875 1086; x_wconf 90' lang='lat' dir='ltr'>vel</span> <span class='ocrx_word' id='word_1_83' title='bbox 890 1057 1002 1097; x_wconf 84' lang='lat' dir='ltr'>potero</span> <span class='ocrx_word' id='word_1_84' title='bbox 1017 1054 1051 1086; x_wconf 87' lang='lat' dir='ltr'>in</span> <span class='ocrx_word' id='word_1_85' title='bbox 1065 1054 1207 1087; x_wconf 76' lang='lat' dir='ltr'>manerio</span> <span class='ocrx_word' id='word_1_86' title='bbox 1223 1055 1263 1087; x_wconf 88' lang='lat' dir='ltr'>de</span> <span class='ocrx_word' id='word_1_87' title='bbox 1279 1055 1503 1087; x_wconf 66' lang='lat' dir='ltr'>Oxx&#39;xwrcnn</span> <span class='ocrx_word' id='word_1_88' title='bbox 1522 1059 1554 1088; x_wconf 79' lang='lat' dir='ltr'>et</span> <span class='ocrx_word' id='word_1_89' title='bbox 1570 1057 1666 1089; x_wconf 83' lang='lat' dir='ltr'>advo-</span> 
     </span>
     <span class='ocr_line' id='line_1_13' title="bbox 196 1122 1666 1165; baseline 0 -9"><span class='ocrx_word' id='word_1_90' title='bbox 196 1124 322 1156; x_wconf 78' lang='lat' dir='ltr'>cacione</span> <span class='ocrx_word' id='word_1_91' title='bbox 349 1123 475 1155; x_wconf 81' lang='lat' dir='ltr'>ecclesie</span> <span class='ocrx_word' id='word_1_92' title='bbox 503 1122 647 1165; x_wconf 82' lang='lat' dir='ltr'>ejusdem</span> <span class='ocrx_word' id='word_1_93' title='bbox 663 1123 799 1154; x_wconf 79' lang='lat' dir='ltr'>manerii</span> <span class='ocrx_word' id='word_1_94' title='bbox 815 1134 887 1155; x_wconf 85' lang='lat' dir='ltr'>cum</span> <span class='ocrx_word' id='word_1_95' title='bbox 904 1123 1052 1155; x_wconf 88' lang='lat' dir='ltr'>omnibus</span> <span class='ocrx_word' id='word_1_96' title='bbox 1067 1123 1270 1165; x_wconf 80' lang='lat' dir='ltr'>pertinentiis</span> <span class='ocrx_word' id='word_1_97' title='bbox 1285 1125 1327 1156; x_wconf 82' lang='lat' dir='ltr'>ad</span> <span class='ocrx_word' id='word_1_98' title='bbox 1342 1124 1465 1156; x_wconf 74' lang='lat' dir='ltr'>dictum</span> <span class='ocrx_word' id='word_1_99' title='bbox 1485 1125 1666 1157; x_wconf 75' lang='lat' dir='ltr'>manerium</span> 
     </span>
     <span class='ocr_line' id='line_1_14' title="bbox 197 1190 1667 1236; baseline 0 -11"><span class='ocrx_word' id='word_1_100' title='bbox 197 1195 230 1225; x_wconf 81' lang='lat' dir='ltr'>et</span> <span class='ocrx_word' id='word_1_101' title='bbox 245 1192 490 1224; x_wconf 82' lang='lat' dir='ltr'>advocacionem</span> <span class='ocrx_word' id='word_1_102' title='bbox 505 1191 750 1234; x_wconf 80' lang='lat' dir='ltr'>pertinentibus.</span> <span class='ocrx_word' id='word_1_103' title='bbox 797 1190 851 1223; x_wconf 76' lang='lat' dir='ltr'>Ita</span> <span class='ocrx_word' id='word_1_104' title='bbox 867 1192 952 1233; x_wconf 90' lang='lat' dir='ltr'>quod</span> <span class='ocrx_word' id='word_1_105' title='bbox 969 1203 1026 1224; x_wconf 91' lang='lat' dir='ltr'>nec</span> <span class='ocrx_word' id='word_1_106' title='bbox 1050 1203 1109 1234; x_wconf 88' lang='lat' dir='ltr'>ego</span> <span class='ocrx_word' id='word_1_107' title='bbox 1138 1203 1195 1224; x_wconf 90' lang='lat' dir='ltr'>nec</span> <span class='ocrx_word' id='word_1_108' title='bbox 1221 1192 1353 1225; x_wconf 87' lang='lat' dir='ltr'>heredes</span> <span class='ocrx_word' id='word_1_109' title='bbox 1380 1193 1443 1224; x_wconf 80' lang='lat' dir='ltr'>mei</span> <span class='ocrx_word' id='word_1_110' title='bbox 1468 1205 1526 1225; x_wconf 84' lang='lat' dir='ltr'>nee</span> <span class='ocrx_word' id='word_1_111' title='bbox 1550 1193 1667 1236; x_wconf 81' lang='lat' dir='ltr'>aliquis</span> 
     </span>
     <span class='ocr_line' id='line_1_15' title="bbox 194 1260 1666 1304; baseline 0.001 -11"><span class='ocrx_word' id='word_1_112' title='bbox 194 1273 252 1304; x_wconf 85' lang='lat' dir='ltr'>per</span> <span class='ocrx_word' id='word_1_113' title='bbox 267 1272 324 1293; x_wconf 88' lang='lat' dir='ltr'>nos</span> <span class='ocrx_word' id='word_1_114' title='bbox 340 1272 397 1303; x_wconf 89' lang='lat' dir='ltr'>pro</span> <span class='ocrx_word' id='word_1_115' title='bbox 412 1260 504 1293; x_wconf 87' lang='lat' dir='ltr'>nobis</span> <span class='ocrx_word' id='word_1_116' title='bbox 520 1272 575 1292; x_wconf 84' lang='lat' dir='ltr'>seu</span> <span class='ocrx_word' id='word_1_117' title='bbox 591 1260 720 1292; x_wconf 89' lang='lat' dir='ltr'>nomine</span> <span class='ocrx_word' id='word_1_118' title='bbox 737 1262 845 1292; x_wconf 84' lang='lat' dir='ltr'>nostro</span> <span class='ocrx_word' id='word_1_119' title='bbox 861 1260 894 1292; x_wconf 89' lang='lat' dir='ltr'>in</span> <span class='ocrx_word' id='word_1_120' title='bbox 911 1261 1054 1303; x_wconf 77' lang='lat' dir='ltr'>predicto</span> <span class='ocrx_word' id='word_1_121' title='bbox 1078 1261 1221 1293; x_wconf 79' lang='lat' dir='ltr'>manerio</span> <span class='ocrx_word' id='word_1_122' title='bbox 1245 1263 1277 1293; x_wconf 82' lang='lat' dir='ltr'>et</span> <span class='ocrx_word' id='word_1_123' title='bbox 1303 1262 1514 1294; x_wconf 80' lang='lat' dir='ltr'>advocaeione</span> <span class='ocrx_word' id='word_1_124' title='bbox 1537 1263 1666 1295; x_wconf 82' lang='lat' dir='ltr'>ecclesie</span> 
     </span>
     <span class='ocr_line' id='line_1_16' title="bbox 193 1328 1665 1373; baseline 0.001 -12"><span class='ocrx_word' id='word_1_125' title='bbox 193 1329 340 1372; x_wconf 78' lang='lat' dir='ltr'>ejusdem</span> <span class='ocrx_word' id='word_1_126' title='bbox 370 1329 505 1361; x_wconf 83' lang='lat' dir='ltr'>manerii</span> <span class='ocrx_word' id='word_1_127' title='bbox 536 1340 609 1361; x_wconf 90' lang='lat' dir='ltr'>cum</span> <span class='ocrx_word' id='word_1_128' title='bbox 636 1328 784 1361; x_wconf 87' lang='lat' dir='ltr'>omnibus</span> <span class='ocrx_word' id='word_1_129' title='bbox 813 1329 1019 1371; x_wconf 77' lang='lat' dir='ltr'>pertinenciis</span> <span class='ocrx_word' id='word_1_130' title='bbox 1045 1330 1169 1372; x_wconf 74' lang='lat' dir='ltr'>aliquid</span> <span class='ocrx_word' id='word_1_131' title='bbox 1198 1330 1281 1373; x_wconf 82' lang='lat' dir='ltr'>juris</span> <span class='ocrx_word' id='word_1_132' title='bbox 1307 1331 1358 1362; x_wconf 86' lang='lat' dir='ltr'>vel</span> <span class='ocrx_word' id='word_1_133' title='bbox 1388 1331 1495 1362; x_wconf 85' lang='lat' dir='ltr'>clamii</span> <span class='ocrx_word' id='word_1_134' title='bbox 1521 1331 1665 1363; x_wconf 78' lang='lat' dir='ltr'>dec-etero</span> 
     </span>
     <span class='ocr_line' id='line_1_17' title="bbox 193 1398 1664 1441; baseline 0.001 -11"><span class='ocrx_word' id='word_1_135' title='bbox 193 1398 322 1441; x_wconf 80' lang='lat' dir='ltr'>exigere</span> <span class='ocrx_word' id='word_1_136' title='bbox 340 1398 515 1440; x_wconf 83' lang='lat' dir='ltr'>poterimus</span> <span class='ocrx_word' id='word_1_137' title='bbox 534 1410 589 1430; x_wconf 89' lang='lat' dir='ltr'>seu</span> <span class='ocrx_word' id='word_1_138' title='bbox 604 1399 771 1430; x_wconf 76' lang='lat' dir='ltr'>vendicare</span> <span class='ocrx_word' id='word_1_139' title='bbox 793 1401 840 1431; x_wconf 80' lang='lat' dir='ltr'>set</span> <span class='ocrx_word' id='word_1_140' title='bbox 860 1411 917 1441; x_wconf 89' lang='lat' dir='ltr'>per</span> <span class='ocrx_word' id='word_1_141' title='bbox 942 1410 1071 1441; x_wconf 81' lang='lat' dir='ltr'>presens</span> <span class='ocrx_word' id='word_1_142' title='bbox 1094 1399 1248 1441; x_wconf 87' lang='lat' dir='ltr'>scriptum</span> <span class='ocrx_word' id='word_1_143' title='bbox 1267 1399 1307 1431; x_wconf 79' lang='lat' dir='ltr'>ab</span> <span class='ocrx_word' id='word_1_144' title='bbox 1331 1399 1515 1431; x_wconf 83' lang='lat' dir='ltr'>omnimoda</span> <span class='ocrx_word' id='word_1_145' title='bbox 1538 1401 1664 1432; x_wconf 75' lang='lat' dir='ltr'>accione</span> 
     </span>
     <span class='ocr_line' id='line_1_18' title="bbox 195 1467 1666 1511; baseline 0.002 -13"><span class='ocrx_word' id='word_1_146' title='bbox 195 1467 431 1510; x_wconf 76' lang='lat' dir='ltr'>imperpetuum</span> <span class='ocrx_word' id='word_1_147' title='bbox 442 1467 540 1498; x_wconf 86' lang='lat' dir='ltr'>simus</span> <span class='ocrx_word' id='word_1_148' title='bbox 552 1467 681 1499; x_wconf 79' lang='lat' dir='ltr'>exclusi.</span> <span class='ocrx_word' id='word_1_149' title='bbox 726 1467 768 1499; x_wconf 89' lang='lat' dir='ltr'>In</span> <span class='ocrx_word' id='word_1_150' title='bbox 785 1467 878 1510; x_wconf 83' lang='lat' dir='ltr'>cujus</span> <span class='ocrx_word' id='word_1_151' title='bbox 890 1467 936 1500; x_wconf 91' lang='lat' dir='ltr'>rei</span> <span class='ocrx_word' id='word_1_152' title='bbox 949 1468 1172 1500; x_wconf 81' lang='lat' dir='ltr'>testimonium</span> <span class='ocrx_word' id='word_1_153' title='bbox 1187 1467 1332 1510; x_wconf 80' lang='lat' dir='ltr'>sigillum</span> <span class='ocrx_word' id='word_1_154' title='bbox 1345 1480 1453 1500; x_wconf 89' lang='lat' dir='ltr'>meum</span> <span class='ocrx_word' id='word_1_155' title='bbox 1465 1469 1666 1511; x_wconf 78' lang='lat' dir='ltr'>presentibus</span> 
     </span>
     <span class='ocr_line' id='line_1_19' title="bbox 189 1535 1658 1579; baseline 0.001 -12"><span class='ocrx_word' id='word_1_156' title='bbox 189 1536 323 1578; x_wconf 81' lang='lat' dir='ltr'>apposui</span> <span class='ocrx_word' id='word_1_157' title='bbox 338 1538 370 1568; x_wconf 73' lang='lat' dir='ltr'>et</span> <span class='ocrx_word' id='word_1_158' title='bbox 385 1536 427 1567; x_wconf 79' lang='lat' dir='ltr'>ad</span> <span class='ocrx_word' id='word_1_159' title='bbox 439 1535 594 1578; x_wconf 78' lang='lat' dir='ltr'>majorem</span> <span class='ocrx_word' id='word_1_160' title='bbox 606 1536 856 1569; x_wconf 81' lang='lat' dir='ltr'>declaracionem</span> <span class='ocrx_word' id='word_1_161' title='bbox 871 1536 989 1568; x_wconf 80' lang='lat' dir='ltr'>futuris</span> <span class='ocrx_word' id='word_1_162' title='bbox 1004 1536 1198 1579; x_wconf 84' lang='lat' dir='ltr'>temporibus</span> <span class='ocrx_word' id='word_1_163' title='bbox 1214 1537 1395 1569; x_wconf 79' lang='lat' dir='ltr'>faciendam</span> <span class='ocrx_word' id='word_1_164' title='bbox 1408 1537 1515 1579; x_wconf 79' lang='lat' dir='ltr'>sigilla</span> <span class='ocrx_word' id='word_1_165' title='bbox 1526 1538 1658 1570; x_wconf 82' lang='lat' dir='ltr'>testium</span> 
     </span>
     <span class='ocr_line' id='line_1_20' title="bbox 193 1603 1664 1646; baseline 0.002 -11"><span class='ocrx_word' id='word_1_166' title='bbox 193 1603 443 1646; x_wconf 82' lang='lat' dir='ltr'>subscriptorum</span> <span class='ocrx_word' id='word_1_167' title='bbox 459 1605 577 1646; x_wconf 82' lang='lat' dir='ltr'>apponi</span> <span class='ocrx_word' id='word_1_168' title='bbox 590 1605 766 1646; x_wconf 81' lang='lat' dir='ltr'>procuravi.</span> <span class='ocrx_word' id='word_1_169' title='bbox 813 1604 891 1637; x_wconf 85' lang='lat' dir='ltr'>Hiis</span> <span class='ocrx_word' id='word_1_170' title='bbox 907 1605 1043 1637; x_wconf 84' lang='lat' dir='ltr'>testibus</span> <span class='ocrx_word' id='word_1_171' title='bbox 1056 1632 1062 1636; x_wconf 89' lang='lat'>.</span> <span class='ocrx_word' id='word_1_172' title='bbox 1077 1605 1232 1637; x_wconf 75' lang='lat' dir='ltr'>RmARno</span> <span class='ocrx_word' id='word_1_173' title='bbox 1248 1605 1345 1637; x_wconf 72' lang='lat' dir='ltr'>Lm’o</span> <span class='ocrx_word' id='word_1_174' title='bbox 1363 1631 1369 1637; x_wconf 84' lang='lat'><strong>.</strong></span> <span class='ocrx_word' id='word_1_175' title='bbox 1388 1605 1543 1637; x_wconf 65' lang='lat' dir='ltr'>Rmnno</span> <span class='ocrx_word' id='word_1_176' title='bbox 1559 1606 1664 1638; x_wconf 71' lang='lat' dir='ltr'>Senn-</span> 
     </span>
     <span class='ocr_line' id='line_1_21' title="bbox 192 1672 1660 1707; baseline 0.002 -3"><span class='ocrx_word' id='word_1_177' title='bbox 192 1684 281 1705; x_wconf 79' lang='lat' dir='ltr'><strong>LAGE</strong></span> <span class='ocrx_word' id='word_1_178' title='bbox 299 1698 305 1704; x_wconf 92' lang='lat'><strong>.</strong></span> <span class='ocrx_word' id='word_1_179' title='bbox 323 1672 477 1705; x_wconf 57' lang='lat' dir='ltr'>Rmfflno</span> <span class='ocrx_word' id='word_1_180' title='bbox 492 1672 646 1705; x_wconf 69' lang='lat' dir='ltr'>MANxm,</span> <span class='ocrx_word' id='word_1_181' title='bbox 666 1698 672 1704; x_wconf 91' lang='lat'><em>.</em></span> <span class='ocrx_word' id='word_1_182' title='bbox 690 1673 849 1705; x_wconf 68' lang='lat' dir='ltr'>Rommo</span> <span class='ocrx_word' id='word_1_183' title='bbox 865 1674 951 1706; x_wconf 78' lang='lat' dir='ltr'>dela</span> <span class='ocrx_word' id='word_1_184' title='bbox 967 1674 1074 1706; x_wconf 68' lang='lat' dir='ltr'>MARE</span> <span class='ocrx_word' id='word_1_185' title='bbox 1091 1700 1096 1706; x_wconf 84' lang='lat'>.</span> <span class='ocrx_word' id='word_1_186' title='bbox 1116 1674 1278 1707; x_wconf 69' lang='lat' dir='ltr'>Hssmuco</span> <span class='ocrx_word' id='word_1_187' title='bbox 1296 1674 1471 1707; x_wconf 79' lang='lat' dir='ltr'>WILLYAM</span> <span class='ocrx_word' id='word_1_188' title='bbox 1496 1701 1501 1707; x_wconf 95' lang='lat'>.</span> <span class='ocrx_word' id='word_1_189' title='bbox 1527 1674 1660 1707; x_wconf 69' lang='lat' dir='ltr'>Smomz</span> 
     </span>
     <span class='ocr_line' id='line_1_22' title="bbox 192 1740 765 1774; baseline 0.002 -1"><span class='ocrx_word' id='word_1_190' title='bbox 192 1741 322 1773; x_wconf 75' lang='lat' dir='ltr'>HENRY</span> <span class='ocrx_word' id='word_1_191' title='bbox 341 1767 347 1772; x_wconf 95' lang='lat'>.</span> <span class='ocrx_word' id='word_1_192' title='bbox 364 1741 482 1773; x_wconf 59' lang='lat' dir='ltr'>Dum</span> <span class='ocrx_word' id='word_1_193' title='bbox 499 1740 620 1773; x_wconf 74' lang='grc' dir='ltr'>ΒΕΝΕΤ</span> <span class='ocrx_word' id='word_1_194' title='bbox 635 1743 667 1773; x_wconf 83' lang='lat' dir='ltr'>et</span> <span class='ocrx_word' id='word_1_195' title='bbox 684 1742 765 1774; x_wconf 79' lang='lat' dir='ltr'>aliis.</span> 
     </span>
    </p>

    <p class='ocr_par' dir='ltr' id='par_1_6' title="bbox 191 1809 1662 1911">
     <span class='ocr_line' id='line_1_23' title="bbox 234 1809 1662 1855; baseline 0.002 -14"><span class='ocrx_word' id='word_1_196' title='bbox 234 1810 359 1842; x_wconf 83' lang='lat' dir='ltr'>Datum</span> <span class='ocrx_word' id='word_1_197' title='bbox 389 1810 476 1852; x_wconf 84' lang='lat' dir='ltr'>apud</span> <span class='ocrx_word' id='word_1_198' title='bbox 508 1809 655 1849; x_wconf 70' lang='lat' dir='ltr'>Pmmns,</span> <span class='ocrx_word' id='word_1_199' title='bbox 687 1811 895 1843; x_wconf 79' lang='lat' dir='ltr'>nonodecimo</span> <span class='ocrx_word' id='word_1_200' title='bbox 926 1811 1018 1850; x_wconf 78' lang='lat' dir='ltr'>Maii,</span> <span class='ocrx_word' id='word_1_201' title='bbox 1044 1823 1130 1843; x_wconf 76' lang='lat' dir='ltr'>anno</span> <span class='ocrx_word' id='word_1_202' title='bbox 1158 1812 1251 1854; x_wconf 84' lang='lat' dir='ltr'>regni</span> <span class='ocrx_word' id='word_1_203' title='bbox 1279 1811 1380 1855; x_wconf 85' lang='lat' dir='ltr'>Regis</span> <span class='ocrx_word' id='word_1_204' title='bbox 1405 1812 1574 1844; x_wconf 60' lang='lat' dir='ltr'>Enwfflm</span> <span class='ocrx_word' id='word_1_205' title='bbox 1603 1813 1662 1844; x_wconf 76' lang='lat' dir='ltr'>filii</span> 
     </span>
     <span class='ocr_line' id='line_1_24' title="bbox 191 1878 741 1911; baseline 0 0"><span class='ocrx_word' id='word_1_206' title='bbox 191 1879 316 1911; x_wconf 84' lang='lat' dir='ltr'>domim&#39;</span> <span class='ocrx_word' id='word_1_207' title='bbox 331 1878 502 1910; x_wconf 75' lang='lat' dir='ltr'><strong>EDWARDI</strong></span> <span class='ocrx_word' id='word_1_208' title='bbox 519 1879 741 1911; x_wconf 78' lang='lat' dir='ltr'>sextodecimo.</span> 
     </span>
    </p>

    <p class='ocr_par' dir='ltr' id='par_1_7' title="bbox 190 1946 1661 2057">
     <span class='ocr_line' id='line_1_25' title="bbox 234 1946 1661 1992; baseline 0.004 -15"><span class='ocrx_word' id='word_1_209' title='bbox 234 1946 338 1989; x_wconf 75' lang='lat' dir='ltr'>Eight</span> <span class='ocrx_word' id='word_1_210' title='bbox 354 1946 444 1985; x_wconf 78' lang='lat' dir='ltr'>seals,</span> <span class='ocrx_word' id='word_1_211' title='bbox 461 1947 496 1978; x_wconf 88' lang='lat' dir='ltr'>in</span> <span class='ocrx_word' id='word_1_212' title='bbox 511 1947 568 1978; x_wconf 88' lang='lat' dir='ltr'>red</span> <span class='ocrx_word' id='word_1_213' title='bbox 583 1958 664 1986; x_wconf 81' lang='lat' dir='ltr'><strong>wax,</strong></span> <span class='ocrx_word' id='word_1_214' title='bbox 681 1946 778 1979; x_wconf 83' lang='lat' dir='ltr'>about</span> <span class='ocrx_word' id='word_1_215' title='bbox 794 1959 835 1980; x_wconf 82' lang='lat' dir='ltr'>an</span> <span class='ocrx_word' id='word_1_216' title='bbox 851 1948 927 1980; x_wconf 87' lang='lat' dir='ltr'>inch</span> <span class='ocrx_word' id='word_1_217' title='bbox 943 1948 1107 1987; x_wconf 84' lang='lat' dir='ltr'>diameter,</span> <span class='ocrx_word' id='word_1_218' title='bbox 1124 1948 1203 1981; x_wconf 80' lang='lat' dir='ltr'>with</span> <span class='ocrx_word' id='word_1_219' title='bbox 1218 1949 1273 1981; x_wconf 84' lang='lat' dir='ltr'>the</span> <span class='ocrx_word' id='word_1_220' title='bbox 1288 1960 1382 1981; x_wconf 79' lang='lat' dir='ltr'>name</span> <span class='ocrx_word' id='word_1_221' title='bbox 1398 1949 1431 1981; x_wconf 88' lang='lat' dir='ltr'>in</span> <span class='ocrx_word' id='word_1_222' title='bbox 1455 1961 1497 1981; x_wconf 78' lang='lat' dir='ltr'>an</span> <span class='ocrx_word' id='word_1_223' title='bbox 1522 1950 1661 1992; x_wconf 84' lang='lat' dir='ltr'>original</span> 
     </span>
     <span class='ocr_line' id='line_1_26' title="bbox 190 2014 930 2057; baseline 0.001 -10"><span class='ocrx_word' id='word_1_224' title='bbox 190 2015 279 2047; x_wconf 83' lang='lat' dir='ltr'>hand</span> <span class='ocrx_word' id='word_1_225' title='bbox 294 2015 423 2047; x_wconf 81' lang='lat' dir='ltr'>written</span> <span class='ocrx_word' id='word_1_226' title='bbox 440 2026 526 2057; x_wconf 87' lang='lat' dir='ltr'>upon</span> <span class='ocrx_word' id='word_1_227' title='bbox 543 2014 598 2047; x_wconf 86' lang='lat' dir='ltr'>the</span> <span class='ocrx_word' id='word_1_228' title='bbox 612 2015 697 2047; x_wconf 78' lang='lat' dir='ltr'>label</span> <span class='ocrx_word' id='word_1_229' title='bbox 713 2015 748 2047; x_wconf 87' lang='lat' dir='ltr'>of</span> <span class='ocrx_word' id='word_1_230' title='bbox 763 2015 840 2048; x_wconf 83' lang='lat' dir='ltr'>each</span> <span class='ocrx_word' id='word_1_231' title='bbox 856 2017 930 2048; x_wconf 82' lang='lat' dir='ltr'>seal.</span> 
     </span>
    </p>

    <p class='ocr_par' dir='ltr' id='par_1_8' title="bbox 235 2083 1166 2126">
     <span class='ocr_line' id='line_1_27' title="bbox 235 2083 1166 2126; baseline 0.003 -11"><span class='ocrx_word' id='word_1_232' title='bbox 235 2085 263 2115; x_wconf 90' lang='lat'>1.</span> <span class='ocrx_word' id='word_1_233' title='bbox 310 2084 429 2116; x_wconf 59' lang='lat' dir='ltr'>Dm&#39;m</span> <span class='ocrx_word' id='word_1_234' title='bbox 446 2083 575 2115; x_wconf 73' lang='lat' dir='ltr'>BENET.</span> <span class='ocrx_word' id='word_1_235' title='bbox 622 2084 655 2116; x_wconf 88' lang='lat' dir='ltr'>A</span> <span class='ocrx_word' id='word_1_236' title='bbox 671 2084 843 2126; x_wconf 80' lang='lat' dir='ltr'>quatrefoil</span> <span class='ocrx_word' id='word_1_237' title='bbox 858 2085 966 2117; x_wconf 86' lang='lat' dir='ltr'>flower</span> <span class='ocrx_word' id='word_1_238' title='bbox 982 2090 1000 2102; x_wconf 69' lang='lat'>‘⁴</span> <span class='ocrx_word' id='word_1_239' title='bbox 1011 2086 1046 2118; x_wconf 79' lang='lat' dir='ltr'>of</span> <span class='ocrx_word' id='word_1_240' title='bbox 1062 2086 1166 2118; x_wconf 84' lang='lat' dir='ltr'>love.&#39;’</span> 
     </span>
    </p>

    <p class='ocr_par' dir='ltr' id='par_1_9' title="bbox 232 2151 853 2195">
     <span class='ocr_line' id='line_1_28' title="bbox 232 2151 853 2195; baseline 0.003 -11"><span class='ocrx_word' id='word_1_241' title='bbox 232 2152 422 2195; x_wconf 81' lang='lat' dir='ltr'>Legend—‘</span> <span class='ocrx_word' id='word_1_242' title='bbox 439 2157 471 2189; x_wconf 59' lang='grc' dir='ltr'>-ξ-</span> <span class='ocrx_word' id='word_1_243' title='bbox 492 2151 573 2195; x_wconf 78' lang='lat' dir='ltr'>[Lm.</span> <span class='ocrx_word' id='word_1_244' title='bbox 590 2178 596 2184; x_wconf 96' lang='lat'>.</span> <span class='ocrx_word' id='word_1_245' title='bbox 615 2152 698 2195; x_wconf 78' lang='lat' dir='ltr'>A]M1</span> <span class='ocrx_word' id='word_1_246' title='bbox 717 2179 723 2184; x_wconf 95' lang='lat'>.</span> <span class='ocrx_word' id='word_1_247' title='bbox 743 2154 853 2186; x_wconf 55' lang='lat' dir='ltr'>Acus</span> 
     </span>
    </p>

    <p class='ocr_par' dir='ltr' id='par_1_10' title="bbox 231 2220 840 2254">
     <span class='ocr_line' id='line_1_29' title="bbox 231 2220 840 2254; baseline 0.002 -2"><span class='ocrx_word' id='word_1_248' title='bbox 231 2221 261 2253; x_wconf 85' lang='lat'>2.</span> <span class='ocrx_word' id='word_1_249' title='bbox 308 2220 470 2253; x_wconf 67' lang='lat' dir='ltr'>anmzn</span> <span class='ocrx_word' id='word_1_250' title='bbox 486 2221 649 2253; x_wconf 72' lang='lat' dir='ltr'>MANXEL.</span> <span class='ocrx_word' id='word_1_251' title='bbox 699 2233 708 2253; x_wconf 83' lang='lat'>1</span> <span class='ocrx_word' id='word_1_252' title='bbox 727 2247 733 2253; x_wconf 93' lang='lat'>.</span> <span class='ocrx_word' id='word_1_253' title='bbox 752 2232 798 2253; x_wconf 77' lang='grc' dir='ltr'>Η.</span> <span class='ocrx_word' id='word_1_254' title='bbox 817 2234 840 2254; x_wconf 75' lang='lat' dir='ltr'>S.</span> 
     </span>
    </p>
   </div>
   <div class='ocr_carea' id='block_1_5' title="bbox 229 2289 642 2332">
    <p class='ocr_par' dir='ltr' id='par_1_11' title="bbox 229 2289 642 2332">
     <span class='ocr_line' id='line_1_30' title="bbox 229 2289 642 2332; baseline 0 -11"><span class='ocrx_word' id='word_1_255' title='bbox 229 2289 418 2332; x_wconf 86' lang='lat' dir='ltr'>Legend—‘</span> <span class='ocrx_word' id='word_1_256' title='bbox 433 2300 537 2321; x_wconf 65' lang='lat' dir='ltr'>rmus</span> <span class='ocrx_word' id='word_1_257' title='bbox 554 2315 560 2321; x_wconf 91' lang='lat'>.</span> <span class='ocrx_word' id='word_1_258' title='bbox 580 2289 642 2322; x_wconf 60' lang='lat' dir='ltr'>svs)</span> 
     </span>
    </p>
   </div>
  </div>
 </body>
</html>
