1820 2548
235 163 298 194 922

192 318 316 350 Avnxr:
336 319 421 361 quod
447 318 530 361 jacet
554 319 637 350 inter
667 327 783 349 novam
808 317 969 350 WALDAM
996 328 1085 349 suam
1114 320 1145 350 et
1170 317 1331 350 WALDAM
1356 318 1552 351 ANGLORUM
1576 344 1583 351 .
1608 319 1649 351 ad

192 387 367 419 tenendum
393 387 433 418 de
463 398 513 418 me
544 390 575 418 et
605 385 774 418 heredibus
798 386 877 418 meis
901 386 978 418 adeo
1002 385 1100 418 libere
1129 390 1161 419 et
1187 387 1293 428 quiete
1317 388 1403 428 quod
1428 387 1519 419 nulls,
1544 387 1650 420 averia

191 453 359 487 hominum
381 466 525 487 meorum
542 455 591 487 vel
607 455 743 487 aliorum
763 454 930 486 intrabunt
946 455 979 486 in
1000 455 1177 497 predictum
1192 455 1362 487 mariscum
1377 456 1396 487 6,
1412 455 1534 487 Pascha
1549 467 1649 498 usque

193 523 234 554 ad
250 523 368 555 festum
384 523 493 556 Sancti
516 524 710 556 Mmrnnms
728 549 734 555 .
752 524 803 555 vel
820 523 940 556 ibidem
958 526 1126 566 pascentur
1146 526 1250 566 preter
1265 524 1392 566 propria
1407 524 1513 556 averia
1526 525 1648 566 predic-

192 594 298 623 torum
317 591 554 624 monachorum.
602 591 679 624 Post
702 591 820 624 festum
841 602 914 624 vero
934 591 1043 624 Sancti
1066 591 1260 624 Mlcffifflms
1284 617 1290 623 .
1315 603 1415 634 usque
1433 593 1474 624 ad
1495 592 1616 625 Pascha
1640 619 1646 625 .

190 659 245 691 fiat
262 660 300 691 de
316 659 370 691 illo
386 660 518 691 marisco
541 659 622 691 sicut
638 660 677 691 de
693 659 764 691 alio.
811 658 846 691 Si
861 670 935 692 vero
953 659 1086 702 predicti
1109 660 1256 692 monachi
1279 660 1457 702 predictum
1478 661 1648 693 mariscum

190 727 362 769 aliquando
392 728 551 760 voluerint
581 728 725 770 redigere
755 728 789 759 in
820 728 978 760 culturam
1004 754 1009 759 .
1037 728 1193 760 tenebunt
1216 728 1297 760 illud
1324 729 1404 760 sieut
1430 729 1518 770 prius
1543 732 1648 762 totum

190 797 359 828 mariscum
382 799 551 828 tenuerant
567 807 622 838 per
637 799 757 828 cartam
773 807 871 828 sunm.
918 795 995 828 Hiis
1010 796 1144 828 testibus
1161 822 1168 828 .
1185 796 1364 829 Gnmomo
1388 799 1465 829 ‘cunc
1485 798 1648 840 eapeUano

192 864 231 896 de
252 864 377 896 Avmm
395 890 400 896 .
419 864 572 907 magistro
596 864 761 896 RADULFO
784 864 919 896 MA1Loc
937 889 942 895 .
961 864 1120 896 Romanam
1143 864 1276 896 SAMSON
1294 889 1300 896 .
1317 864 1340 897 J
1342 875 1483 897 OHANNE
1506 866 1617 898 clerieo
1641 891 1649 898 .

190 933 280 965 Ruso
300 933 365 965 filio
387 932 521 964 Rocssm
539 958 544 964 .
563 932 764 965 Wisfflnm
780 932 888 964 Gan:
906 958 912 964 .
931 932 1123 965 WILLELMO
1146 933 1186 964 de
1209 932 1425 964 Lmnnsrnm)
1450 957 1457 964 .
1475 933 1649 966 WALTERO

189 1001 228 1033 de
243 1001 460 1033 HAVERFORD
476 1000 638 1033 monachis
661 1002 700 1033 de
715 1000 869 1032 MARGAN
887 1026 893 1033 .
911 1000 1010 1033 fratre
1033 1000 1192 1032 Romam
1209 1000 1354 1032 PULMOR
1371 1027 1376 1033 .
1395 1004 1427 1033 et
1442 1002 1552 1034 multis
1567 1002 1648 1036 aliis.

234 1069 306 1102 Sea]
322 1070 500 1111 destroyed.

233 1137 453 1170 Endorsed—‘
465 1137 560 1170 Carta
576 1137 683 1180 Morg'
700 1138 738 1169 de
754 1148 836 1169 novo
852 1137 983 1169 marisco
999 1137 1038 1169 de
1053 1137 1187 1169 Avene.’

828 1297 1011 1330 DCCCXI.

190 1377 377 1411 LEYSON
400 1378 462 1410 ΑΡ
485 1378 698 1417 MORGAN,
722 1378 848 1410 LORD
873 1378 931 1409 OF
953 1376 1127 1416 AVENE,
1153 1376 1338 1409 GRANTS
1367 1376 1650 1410 PRIVILEGES

533 1446 589 1479 TO
621 1446 719 1479 THE
750 1445 1017 1478 BURGESSES
1048 1445 1107 1477 OF
1137 1444 1311 1478 AVENE.

650 1527 764 1570 [LoRD
787 1527 979 1559 SWANSEA’S
1004 1525 1196 1568 CHARTER]

236 1609 345 1640 Sciant
361 1611 520 1650 presentes
536 1611 567 1640 et
589 1608 692 1640 futuri
708 1608 793 1649 quod
818 1607 905 1650 [ego]
924 1606 1059 1638 LEYSAN
1078 1618 1118 1648 ap
1138 1606 1288 1638 MORGAN
1310 1607 1458 1639 dominus
1474 1607 1513 1638 de
1528 1607 1653 1638 Avium

193 1677 277 1708 filius
300 1679 331 1708 et
352 1676 441 1708 heres
463 1676 628 1708 Mon—,sm
644 1676 791 1708 Vicum
814 1676 887 1707 dedi
911 1675 1047 1707 concessi
1063 1677 1095 1706 et
1116 1674 1175 1706 hae
1191 1675 1330 1716 presenti
1353 1677 1439 1706 carta
1454 1685 1525 1707 mea
1540 1674 1652 1706 confir-

190 1745 276 1777 mavi
292 1756 348 1786 pro
363 1756 414 1776 me
430 1748 461 1776 et
484 1744 653 1776 heredibus
669 1755 724 1776 seu
739 1744 909 1786 assignatis
923 1743 1002 1775 meis
1023 1742 1169 1775 omnibus
1185 1742 1377 1785 Angiicanis
1391 1742 1604 1785 burgensibus
1617 1745 1651 1776 et

193 1814 290 1845 etiam
320 1812 522 1845 ehenceribus
552 1813 631 1844 meis
661 1813 700 1844 de
730 1812 854 1844 Avnxn
884 1814 916 1843 et
946 1822 1055 1843 eorum
1085 1810 1254 1843 heredibus
1284 1813 1316 1843 et
1346 1811 1515 1853 assignatis
1544 1822 1653 1844 omnes

194 1881 356 1914 libertates
378 1882 411 1913 in
427 1881 504 1912 vina
519 1892 589 1913 mea
610 1881 649 1912 de
664 1881 787 1912 Ax-ENE
803 1883 835 1912 et
855 1880 889 1911 in
906 1882 972 1912 toto
993 1879 1133 1911 dominio
1155 1890 1224 1911 meo
1240 1879 1326 1911 infra
1341 1879 1459 1911 limites
1474 1880 1513 1911 de
1528 1879 1653 1911 Avium

194 1961 273 1992 quas
298 1949 416 1981 habent
442 1949 616 1990 burgenses
640 1949 679 1980 de
705 1947 867 1980 KENEmG
893 1948 926 1979 in
952 1948 1029 1979 villa
1056 1947 1095 1979 de
1120 1946 1281 1979 Kmrm
1307 1949 1338 1979 et
1365 1947 1451 1979 infit-a
1475 1947 1653 1979 dominium

195 2018 316 2050 domini
341 2017 464 2049 comitis
487 2016 718 2048 GLOUCESTROE
743 2019 775 2048 et
800 2016 1026 2047 HERTFORDIE
1052 2017 1209 2056 quantum
1231 2015 1266 2046 in
1288 2026 1339 2046 me
1361 2017 1417 2047 est.
1463 2014 1509 2046 Et
1531 2014 1654 2047 dabunt

194 2090 262 2118 octo
289 2086 419 2128 lagenas
443 2086 482 2117 de
510 2084 652 2127 quolibet
678 2084 807 2116 braeino
835 2095 891 2126 pro
915 2083 1044 2116 servicio
1067 2083 1244 2115 molendini
1266 2086 1299 2114 et
1320 2094 1378 2125 pro
1400 2082 1496 2115 assisa.
1518 2082 1598 2114 mihi
1620 2085 1652 2115 et

193 2154 362 2186 heredibus
391 2156 424 2185 et
453 2153 622 2196 assignatis
652 2153 739 2185 meis.
786 2152 932 2185 Conoessi
962 2152 1059 2184 etiam
1089 2162 1145 2193 pro
1176 2162 1226 2183 me
1257 2153 1289 2183 et
1317 2150 1486 2183 heredibus
1515 2151 1594 2183 meis
1623 2153 1655 2183 et

195 2222 364 2264 assignatis
379 2221 529 2264 predictis
544 2220 755 2263 burgensibus
771 2223 802 2252 et
818 2220 1022 2252 chenceribus
1036 2219 1115 2252 meis
1130 2220 1169 2251 de
1179 2219 1304 2251 Avmm
1320 2221 1352 2251 et
1363 2230 1472 2251 eorum
1487 2218 1655 2251 heredibus
