1820 2548
199 136 262 168 970

155 292 330 325 ἮΑιτΕῐιο
346 293 431 334 quod
445 292 563 324 diceret
585 291 719 324 ulterius
740 294 808 323 tam
830 302 887 334 pro
909 292 1039 324 domino
1061 291 1153 334 Rege
1176 303 1272 334 quam
1294 303 1352 334 pro
1374 291 1475 334 seipso
1497 291 1524 325 si
1538 291 1610 334 plus

156 361 260 393 dicere
274 360 370 393 vellet
385 362 440 392 aut
456 359 558 392 sciret.

196 428 241 461 Et
263 428 348 460 idem
372 427 566 461 WALTERUS
588 427 670 459 dixit
693 428 778 470 quod
800 427 960 469 predictus
983 427 1195 461 annmws
1217 439 1274 470 per
1295 427 1470 470 predictam
1492 430 1612 461 cartam

154 496 287 529 Domini
302 495 324 528 J
326 506 474 528 ommms
494 495 595 538 Regis
617 506 714 537 quam
736 495 886 537 porrexit,
909 496 1084 538 predictam
1105 495 1287 528 libertatem
1310 495 1442 539 Regalis
1463 495 1610 539 jurisdic-

153 565 250 598 tionis
272 564 416 597 faciende
439 566 469 596 ct
493 564 664 597 exercende
686 563 721 595 in
744 564 830 596 dicta
850 566 934 596 terra
956 564 996 596 de
1020 563 1158 603 Gownn,
1181 575 1239 596 nec
1269 564 1369 596 eciam
1398 564 1610 607 exempciom's

153 636 235 666 seete
259 633 427 665 comitatus
452 632 587 675 predicti
611 633 650 664 de
679 631 903 664 KERMERDYN
929 631 1074 665 habende
1101 632 1236 665 clamare
1259 643 1325 665 non
1348 632 1462 675 potuit.
1516 632 1611 664 Dixit

152 702 239 734 enim
255 702 340 744 quod
355 701 388 733 in
405 703 491 733 carta
505 701 647 743 predicta
663 701 844 733 continetur
859 701 944 742 quod
959 700 1118 733 Dominus
1133 701 1156 733 J
1157 712 1314 733 OHANNES
1329 701 1412 739 Rex,
1435 703 1505 740 eto„
1521 701 1611 733 dedit

152 773 184 803 et
199 770 350 802 concessit
365 772 397 802 et
413 772 498 802 carta
514 781 571 801 sua
593 760 795 801 confirmavit
817 769 943 801 cuidam
965 768 1158 802 WILLELMO
1181 770 1220 801 de
1243 769 1401 802 Bmzousr.
1425 769 1610 802 antecessori

150 839 250 882 ipsius
274 837 462 871 WILLELMI
484 840 585 870 totam
610 840 726 870 terram
749 838 788 869 de
804 836 933 870 Gowmz
958 848 1031 870 oum
1060 837 1263 880 pertinentiis
1293 837 1358 870 suis
1386 837 1422 869 in
1451 836 1608 869 WALLu.

150 907 347 940 Habendam
370 909 402 939 et
423 907 595 939 tenendam
618 905 678 938 sibi
701 908 733 938 et
755 905 923 938 heredibus
946 906 1019 946 suis,
1043 908 1113 945 ete„
1136 908 1231 949 prout
1254 906 1287 938 in
1309 906 1395 938 dicta
1409 908 1496 938 carta
1509 905 1609 938 conti-

150 977 254 1015 netur,
277 986 335 1007 nec
364 986 421 1018 per
449 977 567 1007 cartam
593 974 768 1016 predictam
794 975 866 1017 plus
892 974 952 1006 sibi
981 985 1152 1007 accrescere
1180 974 1286 1016 potuit
1314 974 1366 1006 vel
1395 974 1484 1006 aliud
1513 983 1610 1016 quam

149 1044 184 1076 in
199 1044 309 1076 eadem
326 1046 411 1075 carta
426 1044 615 1075 continetur.
661 1043 761 1075 Unde
776 1054 849 1075 cum
864 1043 1043 1085 jurisdictio
1052 1042 1169 1085 regalis
1182 1053 1279 1084 quam
1289 1042 1438 1074 dominus
1449 1041 1608 1075 WILLEL-

150 1123 217 1145 uus
232 1112 287 1155 qui
303 1123 388 1144 nunc
405 1114 451 1144 est
466 1111 582 1144 habere
598 1112 713 1144 clamat
729 1111 763 1143 in
778 1113 863 1143 terra
878 1111 1019 1154 predicta
1034 1112 1074 1143 de
1091 1111 1220 1143 Gowsn
1234 1122 1291 1153 per
1304 1112 1424 1142 cartam
1435 1109 1610 1152 predictam

150 1181 185 1213 in
201 1181 311 1213 eadem
326 1180 503 1223 specialiter
518 1192 583 1212 non
599 1181 641 1212 sit
655 1180 830 1219 nominata,
850 1191 908 1212 neo
923 1179 1111 1211 antecessori
1134 1179 1233 1221 ipsius
1255 1178 1442 1211 W1LL13LM1
1465 1189 1610 1220 expresse

150 1260 304 1289 concessa,
327 1249 397 1281 Nec
419 1249 493 1280 talis
518 1248 649 1281 libertas
675 1249 715 1280 de
738 1248 811 1291 jure
838 1247 998 1280 communi
1021 1247 1083 1279 diei
1107 1247 1223 1289 poterit
1245 1257 1311 1279 esse
1332 1246 1494 1289 pertinens
1515 1245 1610 1278 alicui

148 1320 240 1356 terre,
257 1327 452 1359 quamquam
466 1318 551 1349 terra
566 1316 709 1359 predicta
725 1327 797 1348 cum
813 1316 877 1348 suis
899 1315 1103 1358 pertinenciis
1114 1303 1116 1306 Ι
1126 1315 1314 1347 antecessori
1336 1325 1393 1346 suo
1415 1314 1513 1346 fuerit
1534 1314 1611 1346 data

150 1388 182 1418 et
205 1396 358 1424 concessa,
385 1396 456 1417 cum
482 1385 556 1417 talis
582 1384 712 1417 libertas
736 1395 821 1417 mere
848 1384 889 1416 ad
914 1394 1062 1416 coronam
1088 1383 1228 1425 Regiam
1250 1383 1410 1425 pertineat
1428 1384 1460 1414 et
1482 1393 1547 1414 non
1569 1382 1611 1414 ad

150 1457 267 1487 terram
283 1455 433 1497 aliquam,
450 1465 507 1485 nec
523 1465 542 1485 a
557 1464 671 1485 corona
686 1465 742 1496 per
758 1452 854 1485 verba
869 1452 1059 1491 communia,
1075 1452 1138 1484 nisi
1161 1452 1338 1494 specialiter
1359 1451 1401 1484 sit
1419 1462 1565 1493 expressa
1579 1452 1612 1482 et

149 1524 324 1562 nominata,
341 1523 457 1566 poterit
472 1522 621 1564 separari,
636 1533 694 1554 nec
717 1522 803 1553 idem
826 1520 1040 1554 Wumzmus
1063 1520 1185 1562 aliquid
1208 1519 1342 1562 speciale
1364 1519 1439 1551 inde
1461 1518 1610 1558 ostendit,

151 1592 244 1635 petiit
259 1591 281 1624 J
283 1592 424 1624 udicium
439 1603 496 1634 pro
512 1591 652 1623 Domino
669 1590 770 1632 Rege,
787 1591 844 1622 etc.

197 1660 242 1692 Et
258 1671 352 1702 super
366 1659 424 1692 hoc
440 1670 495 1702 per
509 1659 614 1702 ipsum
629 1658 807 1690 Dominum
824 1657 949 1700 Regem
972 1657 1065 1689 datus
1087 1656 1152 1688 fuit
1166 1656 1234 1688 dies
1255 1655 1340 1687 dicto
1362 1654 1557 1687 anmmo
1571 1655 1613 1686 ad

153 1729 335 1771 proximum
350 1728 604 1760 Parliamentum
620 1737 753 1769 sequens
767 1726 807 1758 de
822 1725 981 1758 audiendo
996 1724 1072 1756 inde
1083 1724 1202 1766 judicio
1225 1735 1291 1756 suo.
1337 1723 1383 1755 Et
1405 1723 1527 1755 dictum
1548 1722 1613 1754 fuit

155 1797 240 1829 dicto
255 1796 430 1829 WALTERO
445 1797 531 1838 quod
547 1795 692 1828 similiter
706 1797 786 1827 esset
801 1793 921 1826 ibidem
942 1804 1000 1836 pro
1022 1792 1151 1825 domino
1175 1791 1266 1834 Rege
1288 1793 1519 1833 prosecuturus,
1541 1792 1611 1830 eto„

154 1865 315 1907 loquelam
337 1864 521 1906 predictam.
582 1863 627 1895 Et
650 1863 796 1895 similiter
825 1862 901 1904 quia
926 1861 1042 1893 diversi
1063 1860 1208 1892 homines
1237 1861 1276 1892 de
1298 1862 1382 1892 terra
1410 1858 1552 1901 predicta
1573 1858 1613 1890 de

157 1933 286 1966 Gowmz
315 1933 528 1975 querimonias
557 1931 696 1964 diversas
725 1931 758 1963 in
789 1928 996 1973 petitionibus
1026 1929 1090 1961 suis
1124 1930 1288 1961 contentas
1317 1938 1425 1960 versus
1452 1925 1614 1969 prefatum

156 2001 379 2035 waramum
403 2003 435 2033 et
456 2001 618 2033 ministros
641 2011 713 2032 suos
742 2002 824 2032 terre
845 1999 985 2041 predicte
1008 1998 1048 2030 ad
1071 1997 1326 2029 Parliamentum
1347 1995 1526 2038 predictum
1541 2005 1612 2036 por-

157 2070 307 2109 rexerint,
324 2070 446 2101 dictum
461 2069 525 2101 fuit
540 2069 658 2100 eisdem
680 2067 864 2100 hominibus
886 2069 963 2099 tuno
985 2067 1070 2109 quod
1093 2069 1196 2097 essent
1219 2065 1260 2096 ad
1282 2064 1363 2096 illud
1384 2063 1471 2095 idem
1493 2061 1614 2094 Parlia—

157 2141 303 2170 mentum
323 2138 479 2176 futurum,
503 2148 539 2169 eo
561 2137 646 2178 quod
669 2136 817 2168 dominus
840 2135 912 2167 Rex
934 2134 1077 2177 querelas
1098 2133 1170 2165 illas
1192 2132 1303 2164 audire
1318 2134 1350 2164 et
1364 2131 1535 2163 terminare
1549 2140 1615 2162 non

157 2207 262 2249 potuit
291 2218 347 2249 per
370 2206 454 2237 viam
476 2205 558 2248 juris
579 2204 764 2246 priusquam
787 2203 938 2236 discussio
960 2202 1048 2235 facta
1069 2201 1181 2233 fuisset
1203 2200 1289 2232 inter
1310 2199 1416 2242 ipsum
1438 2197 1615 2231 Dominum
