1820 2548
1526 191 1609 222 1033

190 346 287 378 cim-it
309 357 328 378 a
350 348 439 388 parte
463 345 595 378 australi
618 345 702 377 inter
735 346 869 377 eandem
903 348 1020 378 terram
1055 348 1087 378 et
1117 348 1281 388 pasturam
1306 346 1419 388 prioris
1450 347 1489 378 de
1520 346 1654 378 EWENY

191 425 253 456 que
282 416 413 447 vocatur
451 414 646 446 MILLEHAM
686 413 721 445 in
762 413 966 456 longitudine
1006 425 1079 446 vero
1116 414 1182 456 ipse
1217 425 1270 446 sex
1305 425 1374 446 acre
1408 425 1440 447 se
1474 415 1654 447 extendunt

190 494 299 515 versus
328 483 482 515 orientem
512 483 553 514 ad
582 482 759 523 predictam
790 493 913 513 moram
939 485 970 514 et
993 483 1034 514 ad
1057 484 1186 524 pratum
1209 483 1293 524 quod
1317 483 1356 514 de
1378 494 1430 514 mc
1453 485 1542 514 tenet
1564 482 1653 515 Sssm

190 552 220 584 le
242 551 397 583 Mimn
420 551 460 583 de
482 550 577 583 Novo
601 550 737 582 CASTRO.
770 549 920 582 Predicta
951 552 1059 582 autem
1089 562 1178 583 mora
1207 551 1241 583 in
1265 551 1437 583 latitudine
1459 551 1545 592 jacet
1570 551 1654 583 inter

190 621 309 653 dictam
331 620 417 652 viam
440 630 502 661 que
524 619 613 651 ducit
636 630 743 650 versus
767 618 995 651 HENRIESTON
1019 622 1050 651 et
1072 622 1201 661 pratum
1223 620 1357 661 predicti
1380 619 1469 652 Sam
1491 620 1526 651 in
1548 620 1653 663 longi-

190 689 302 722 tudine
339 699 413 721 vero
450 698 558 720 versus
595 687 751 719 orientem
789 699 891 719 unum
929 689 1031 730 capud
1070 699 1102 719 se
1139 688 1284 720 extendit
1321 689 1362 720 ad
1399 691 1528 730 pratum
1569 690 1654 730 quod

191 758 353 800 quondam
376 756 438 788 fuit
462 756 615 788 HENmm
640 756 679 788 de
703 755 928 787 TURBERVILE
951 758 983 788 et
1005 768 1112 788 versus
1135 756 1330 788 occidentem
1357 768 1459 788 unum
1489 758 1591 799 capud
1622 768 1654 789 se

188 826 336 858 extendit
365 826 406 857 ad
436 825 611 867 predictam
644 827 770 856 terram.
835 824 1034 856 Habendum
1058 828 1090 857 et
1112 826 1288 856 tenendum
1310 826 1467 866 predictas
1490 837 1544 857 sex
1567 837 1654 858 aeras

191 898 275 927 terre
312 896 345 926 et
382 905 503 925 moram
542 893 718 935 predictam
756 896 788 925 et
819 905 891 925 cum
919 894 990 926 aliis
1021 895 1086 926 suis
1115 894 1320 936 pertinenciis
1351 894 1591 936 quibuscunque
1618 896 1657 927 de

190 974 242 995 me
264 965 296 994 et
318 962 487 994 heredibus
509 962 587 993 meis
610 962 661 993 vel
687 962 857 1004 assignatis
880 963 915 994 in
939 966 1139 1004 perpetuum.
1187 962 1366 994 Reddendo
1389 963 1464 994 inde
1486 964 1655 996 annuatim

189 1032 287 1064 miehi
320 1033 352 1063 et
383 1030 552 1063 heredibus
585 1031 664 1062 meis
697 1031 849 1072 predictis
883 1031 905 1063 J
908 1042 1041 1062 OHANNI
1074 1033 1105 1062 et
1139 1031 1294 1062 MA'riLm
1332 1034 1364 1063 et
1402 1031 1570 1064 heredibus
1604 1033 1654 1064 vel

189 1100 359 1142 assignatis
381 1111 491 1131 eorum
515 1099 613 1131 libere
639 1102 671 1131 et
697 1099 804 1141 quiete
830 1099 911 1131 bene
938 1103 971 1132 et
993 1100 1026 1131 in
1057 1111 1133 1141 pace
1156 1099 1281 1142 integre
1309 1103 1341 1131 et
1365 1100 1437 1141 jure
1464 1100 1654 1133 hereditario

191 1169 270 1201 meis
292 1168 343 1200 vel
367 1167 537 1209 assignatis
567 1167 646 1199 meis
673 1167 752 1199 duos
783 1167 899 1199 solidos
929 1167 1055 1210 argenti
1086 1179 1142 1209 pro
1167 1167 1315 1199 omnibus
1345 1168 1483 1200 serviciis
1516 1170 1548 1200 et
1583 1180 1656 1200 con-

191 1236 413 1270 suetudinibus
443 1235 636 1268 secularibus
666 1239 698 1268 et
736 1236 912 1268 demandis.
974 1236 1078 1268 Salvis
1108 1236 1205 1268 michi
1230 1239 1262 1268 et
1291 1236 1461 1268 heredibus
1491 1237 1569 1269 meis
1607 1238 1657 1270 vel

194 1305 363 1348 assignatis
383 1305 462 1337 meis
484 1304 607 1336 duobus
631 1305 723 1337 sectis
743 1307 872 1337 tantum
888 1305 1044 1337 faciendis
1066 1317 1123 1347 per
1144 1316 1266 1336 annum
1286 1306 1327 1336 ad
1349 1305 1469 1337 curiam
1492 1317 1596 1337 meam
1619 1307 1659 1339 de

195 1374 319 1406 Cor'rm
349 1385 405 1416 per
438 1373 661 1406 rationabilem
701 1374 985 1406 summonicionem
1016 1386 1081 1406 una
1123 1374 1242 1406 scilicet
1280 1375 1321 1406 ad
1360 1375 1497 1416 primam
1539 1376 1659 1407 curiam

194 1454 291 1485 quam
317 1443 419 1475 teneri
445 1442 611 1485 contingat
634 1445 706 1484 post
728 1442 847 1474 festum
870 1443 956 1475 beati
979 1442 1176 1474 MICHAELIS
1200 1446 1231 1474 et
1251 1443 1314 1475 alia
1337 1444 1378 1474 ad
1406 1443 1526 1475 curiam
1556 1444 1659 1486 primo

193 1512 366 1544 tenendam
392 1513 464 1553 post
490 1511 522 1542 la
545 1511 750 1543 HOKEDAYE.
797 1511 870 1554 Ego
894 1523 968 1544 vero
991 1512 1152 1553 predictus
1176 1511 1339 1543 PAGANUS
1362 1512 1413 1543 vel
1438 1512 1569 1544 heredes
1596 1513 1659 1545 mei

195 1581 246 1613 vel
276 1579 429 1622 assignati
460 1579 523 1610 mei
552 1579 711 1621 predictas
741 1592 795 1612 sex
837 1591 924 1612 aeras
965 1584 1048 1612 terre
1090 1591 1162 1612 cum
1203 1591 1292 1612 mora
1332 1581 1474 1622 predicta
1510 1581 1661 1623 predictis

195 1649 216 1682 J
220 1659 352 1680 OHANNI
376 1652 408 1679 et
423 1647 576 1679 Mimm
601 1650 633 1679 et
655 1659 764 1680 eorum
787 1648 958 1680 heredibus
981 1649 1031 1681 vel
1054 1649 1225 1691 assignatis
1248 1652 1357 1681 contra
1380 1661 1489 1681 omnes
1511 1650 1661 1682 mortales

195 1716 471 1750 warantizabimus
510 1716 762 1757 acquietabimus
803 1719 835 1748 et
874 1717 1084 1749 defendemus
1122 1717 1155 1748 in
1187 1720 1385 1759 perpetuum.
1434 1718 1475 1749 In
1499 1717 1591 1760 cujus
1615 1719 1661 1751 rei

193 1785 412 1819 testimonium
446 1784 528 1816 hano
562 1787 682 1816 cartam
713 1796 817 1817 meam
854 1788 1032 1827 presentem
1065 1785 1164 1828 sigilli
1188 1786 1251 1817 mei
1274 1786 1479 1828 impressione
1502 1787 1656 1819 roboravi.

195 1854 273 1886 Hiis
287 1853 421 1885 testibus
438 1878 444 1884 .
463 1852 632 1884 Pmmvro
655 1852 843 1885 Punnmoss
869 1879 874 1885 .
901 1854 1023 1886 Ammo
1046 1853 1265 1885 DHEDENECK
1291 1879 1297 1885 .
1323 1854 1480 1886 JoHANNI
1505 1854 1624 1887 DENrs
1649 1881 1654 1887 .

193 1922 389 1955 WILLELMO
415 1921 481 1953 filio
504 1921 679 1953 Hmmvm
703 1922 742 1953 de
766 1921 991 1954 TURBERVILE
1016 1948 1022 1954 .
1049 1927 1080 1954 et
1104 1922 1264 1954 Romamn
1287 1924 1326 1954 dc
1350 1923 1540 1955 CANTELow
1558 1950 1563 1956 .
1581 1927 1659 1956 ‘tunc

195 1990 364 2023 senescallo
380 2000 450 2021 meo
466 1991 498 2021 et
513 1989 625 2021 multis
644 1989 723 2021 aliis.

232 2059 378 2082 Hem-ieston
391 2058 410 2079 is
422 2064 475 2079 now
488 2057 576 2079 known
589 2057 620 2086 by
634 2058 674 2079 the
686 2064 752 2080 more
762 2059 924 2087 appropriate.
937 2059 983 2081 :md
997 2059 1115 2087 probably
1129 2066 1193 2081 more
1205 2062 1295 2081 correct
1313 2067 1382 2081 nunu·
1399 2061 1423 2081 ιη’
1439 2059 1586 2084 Horonston.
1602 2061 1648 2083 and

203 2103 222 2124 is
233 2109 247 2124 a
258 2100 397 2123 farmhouse
407 2100 482 2122 about
495 2099 684 2127 three-quartem
696 2101 720 2121 of
739 2107 753 2121 a
765 2100 821 2122 mile
832 2101 909 2122 above
922 2101 1030 2129 Euenny
1045 2101 1139 2129 Bridge,
1151 2101 1198 2123 and
1210 2104 1307 2129 qum-ter
1318 2102 1343 2123 ω’
1355 2110 1367 2123 ;1
1381 2103 1436 2124 mile
1446 2102 1509 2124 from
1526 2102 1567 2125 the
1583 2103 1649 2131 right

202 2144 266 2166 bank
279 2144 303 2165 of
316 2143 357 2165 the
369 2142 476 2170 Ewenny
489 2142 559 2164 river.
591 2141 714 2164 Millclmm
728 2142 747 2164 is
771 2142 811 2164 the
830 2144 936 2165 meadow
955 2143 1069 2165 attached
1082 2147 1107 2165 to
1127 2143 1168 2165 the
1186 2143 1252 2171 large
1270 2144 1320 2165 mill
1337 2144 1415 2165 ulrich
1433 2144 1452 2165 is
1470 2144 1519 2166 still
1535 2145 1651 2173 standing

201 2192 258 2208 near
270 2185 310 2207 the
322 2184 413 2212 bridge.
447 2183 479 2205 La
492 2183 625 2212 Hokedaye
637 2183 656 2204 is
668 2184 709 2205 the
721 2184 808 2206 second
821 2184 935 2213 Tuesday
947 2185 1011 2207 after
1024 2185 1116 2207 Etister.
1147 2185 1198 2207 The
1211 2185 1267 2207 land
1281 2186 1383 2213 granted
1397 2186 1436 2214 lay
1449 2187 1560 2214 opposite
1572 2187 1617 2209 and
1636 2194 1647 2208 :1

202 2227 266 2250 little
277 2226 354 2249 below
367 2226 408 2248 the
419 2225 513 2254 Abbcy,
526 2232 556 2247 on
569 2225 609 2247 thc
622 2225 691 2248 other
703 2226 753 2248 side
764 2226 788 2248 of
801 2227 842 2248 the
855 2227 925 2249 river.

346 2368 398 2395 613
