1820 2548
1540 203 1622 234 1039

769 372 1090 406 DCCCLXXVIII.

201 455 364 489 GRANT
419 454 473 487 IN
520 453 634 486 TAIL
679 453 744 486 BY
797 453 1018 487 WILLIAM
1065 455 1129 487 DE
1177 455 1386 496 BREWAS,
1434 457 1560 490 LORD
1608 458 1667 490 OF

311 523 493 562 GOWER,
524 522 581 555 ΤΟ
612 521 833 555 WILLIAM
864 522 945 554 HIS
981 523 1253 556 HUNTSMAN
1287 525 1389 557 AND
1427 525 1549 558 JOAN
1587 525 1668 558 HIS

312 592 450 631 WIFE,
482 591 540 624 OF
569 590 782 623 LIBERTY
813 591 870 623 ΤΟ
902 591 1042 624 EUNT
1073 592 1128 624 IN
1158 592 1425 626 PENNARTH
1456 594 1669 627 WARREN

313 660 425 703 (THE
452 659 748 692 RABBITTING
775 659 828 691 IN
857 660 956 692 THE
983 660 1360 695 SAND-BURROWS
1392 662 1668 704 EXCEPTED)‚

309 729 411 763 AND
441 728 567 761 FREE
598 727 816 761 TRADING
847 728 901 761 IN
933 728 1115 762 GOWER.

798 809 964 853 [FRANms
987 810 1077 853 MS]

1005 891 1083 935 [1]7
1106 892 1212 925 JUNE.
1260 894 1301 925 lO
1324 893 1420 926 Enw.
1439 893 1489 926 Π.
1536 895 1630 926 1316.

245 972 356 1005 Sciant
385 972 546 1014 presentes
583 972 616 1002 et
653 971 756 1002 futuri
793 972 880 1013 quod
919 983 976 1003 nos
1007 971 1222 1005 WILLELMUS
1260 973 1300 1005 de
1338 973 1486 1005 Bnvas
1526 974 1674 1006 dominus

201 1041 331 1074 honoris
361 1041 401 1073 de
431 1039 603 1072 BREMBER
634 1042 665 1071 et
696 1040 736 1071 de
767 1039 952 1072 GOUHERIA
980 1041 1127 1073 dedimus
1153 1042 1364 1074 concessimus
1391 1045 1423 1074 et
1450 1043 1508 1074 hae
1536 1043 1675 1085 presenti

201 1112 288 1142 carta
310 1112 419 1141 nostra
443 1108 702 1141 confirmavimus
725 1107 921 1141 WILLELMO
947 1109 1090 1141 venatori
1114 1112 1222 1142 nostro
1249 1112 1281 1142 et
1308 1110 1473 1143 JOHANNE
1501 1112 1594 1143 uxori
1620 1123 1676 1143 sue

200 1182 234 1211 et
255 1177 425 1211 heredibus
447 1178 512 1210 suis
536 1180 568 1209 et
590 1177 761 1220 assignatis
785 1178 826 1209 de
849 1177 1032 1220 corporibus
1056 1179 1230 1211 eorundem
1255 1180 1425 1221 procreatis
1451 1180 1619 1222 specialem
1645 1182 1677 1212 et

198 1247 376 1289 plenariam
399 1248 591 1288 potestatem
613 1245 753 1277 venandi
777 1257 813 1278 ac
836 1246 1054 1277 omnimodam
1080 1247 1283 1278 venationem
1308 1247 1524 1290 cujuscunque
1550 1248 1676 1290 generis

200 1315 390 1347 animalium
412 1317 480 1346 tam
506 1314 652 1356 leporum
680 1313 827 1356 vulpium
855 1316 886 1345 et
914 1314 1133 1346 cuniculorum
1160 1326 1257 1357 quam
1284 1317 1460 1347 ceterorum
1487 1316 1676 1348 animalium

198 1382 366 1415 brutorum
387 1385 420 1415 et
441 1382 622 1414 volatilium
638 1382 672 1413 in
688 1384 756 1414 toto
772 1383 936 1414 warannio
953 1386 1061 1415 nostro
1077 1384 1117 1415 de
1138 1384 1332 1416 PER-mum
1351 1385 1546 1417 cuniculario
1569 1388 1677 1418 nostro

200 1452 239 1484 de
262 1451 458 1483 PENNARTH
481 1450 516 1482 in
538 1451 570 1482 la
593 1449 854 1482 SANBORonwvs
874 1451 1010 1494 singulis
1026 1452 1223 1494 temporibus
1239 1453 1370 1485 omnino
1386 1457 1518 1496 excepto
1536 1480 1673 1486 ......

198 1520 345 1552 dedimus
357 1519 566 1551 concessimus
578 1522 610 1551 et
621 1519 680 1551 hac
695 1520 835 1561 presenti
852 1523 939 1552 carta
954 1523 1063 1552 nostra
1076 1522 1334 1554 confirmavimus
1349 1522 1468 1554 eisdem
1480 1522 1674 1555 WILLELMO

198 1592 231 1621 et
243 1588 265 1622 J
267 1599 408 1620 OHANNE
421 1588 513 1619 uxori
526 1599 580 1619 sue
592 1587 762 1620 heredibus
778 1588 843 1619 suis
859 1591 891 1620 et
907 1588 1077 1631 assignatis
1092 1589 1225 1621 liberam
1242 1592 1274 1621 et
1289 1590 1466 1632 plenariam
1482 1593 1673 1633 potestatem

197 1657 324 1690 emendi
340 1656 499 1688 vendendi
518 1667 554 1687 ac
569 1656 677 1688 omnia
693 1659 725 1688 et
740 1657 870 1699 singula
884 1657 1092 1689 mercimonia
1107 1658 1365 1690 mercandizandi
1382 1670 1417 1690 ac
1432 1660 1552 1691 eisdem
1573 1659 1670 1692 libere

197 1728 230 1759 et
244 1725 373 1768 pacifice
389 1726 484 1767 prout
499 1723 560 1756 sibi
575 1725 737 1756 comodius
758 1725 858 1757 fuerit
881 1725 1010 1757 fruendi
1033 1728 1065 1758 et
1087 1726 1233 1768 patiendi
1255 1727 1341 1759 infla
1363 1729 1468 1759 totum
1491 1728 1670 1760 dominium

195 1796 340 1827 nostrum
367 1793 406 1825 de
434 1792 628 1824 GOUHERIA.
676 1793 875 1825 Habendum
907 1798 939 1825 et
969 1795 1146 1826 tenendum
1177 1806 1287 1827 omnes
1317 1796 1475 1837 predictas
1505 1796 1668 1829 libertates

194 1864 382 1896 donationes
409 1865 440 1895 et.
468 1863 724 1894 confirmationes
750 1866 787 1895 ut
813 1863 1012 1905 premittitur
1039 1863 1189 1906 predictis
1216 1863 1411 1896 WILLELMO
1439 1868 1470 1896 et
1501 1864 1522 1896 J
1525 1876 1665 1897 OHANNE

193 1933 286 1966 uxori
302 1943 356 1964 sue
372 1934 405 1963 et
419 1931 590 1963 heredibus
605 1931 669 1963 suis
685 1934 717 1963 et
733 1932 903 1974 assignatis
919 1933 958 1963 de
974 1932 1065 1964 nobis
1081 1935 1113 1964 et
1128 1931 1298 1964 heredibus
1314 1932 1429 1964 nostris
1444 1932 1542 1964 libere
1558 1933 1664 1975 quiete

192 2001 273 2035 bene
289 2004 320 2033 et
335 2001 370 2032 in
386 2011 462 2042 pace
476 1999 548 2042 jure
564 2000 756 2032 hereditario
772 2000 1017 2042 imperpetuum.
1056 2000 1103 2032 Et
1117 2012 1174 2033 nos
1189 2012 1263 2033 vero
1278 2001 1439 2043 predictus
1448 2001 1663 2034 WILLELMUS

189 2072 229 2104 de
239 2071 386 2103 Bnnwis
402 2072 433 2102 et
449 2069 579 2102 heredes
589 2069 689 2101 nostri
706 2080 815 2101 omnes
825 2069 982 2111 predictas
992 2069 1155 2101 libertates
1165 2069 1352 2101 donationes
1364 2072 1395 2101 et
1405 2070 1661 2102 confirmationes

193 2139 322 2172 stabiles
336 2142 422 2170 ratas
445 2140 477 2170 et
498 2138 698 2169 inconcussas
721 2140 944 2179 permanentes
968 2137 1200 2180 prenominatis
1224 2136 1419 2170 WILLELMO
1446 2141 1478 2169 et
1504 2137 1660 2170 JOHANNI

193 2208 286 2241 uxori
301 2219 356 2240 sue
372 2209 404 2239 et
419 2206 589 2239 heredibus
605 2206 669 2238 suis
684 2208 716 2238 et
732 2206 903 2248 assignatis
919 2208 1029 2237 contra
1045 2217 1154 2238 omnes
1169 2206 1320 2238 mortales
1335 2205 1612 2238 warantizabimus
1631 2209 1662 2238 et

193 2277 401 2309 defendemus
415 2275 661 2317 imperpetuum.
708 2274 753 2306 Et
770 2274 795 2306 si
812 2275 980 2316 contingat
996 2285 1053 2306 nos
1069 2277 1126 2306 aut
1141 2274 1273 2306 heredes
1295 2278 1419 2306 nostros
1442 2278 1498 2307 aut
1521 2275 1661 2317 aliquem
