1820 2548
1550 173 1614 205 913

860 485 984 518 DCCC.

186 569 350 602 GRANT
380 568 446 601 BY
471 566 757 606 CADWALAN,
773 565 862 598 SON
888 566 947 598 OF
974 566 1188 607 MORGAN,
1206 567 1265 599 OF
1289 566 1385 599 ALL
1412 567 1494 600 HIS
1521 567 1654 601 LAND

297 638 356 671 OF
401 635 679 676 ROSSAULIN,
736 635 838 668 AND
899 635 1127 668 GENERAL
1188 635 1552 669 CONFIRMATION
1597 637 1655 670 ΤΟ

297 706 507 740 MARGAM
544 704 717 738 ABBEY.

729 785 904 829 [MARGAM
928 785 1122 829 CHARTER]

400 868 514 900 CARTA
537 867 781 900 CADWAHTLAN
807 893 813 899 .
838 878 923 900 F1L11
948 867 1115 899 MORGANI
1141 892 1148 899 .
1172 878 1217 899 DE
1240 867 1443 900 RossAnmN.

231 949 388 982 Omnibus
404 961 427 982 s.
444 960 488 982 ec.
505 949 529 981 f.
548 961 578 992 p.
596 951 629 981 et
643 949 667 981 f.
686 949 883 981 CADWALAN
900 949 986 981 filius
1001 948 1169 980 MORGANI
1185 949 1331 981 salutem.

228 1018 342 1051 Sciet-is
366 1030 417 1050 me
448 1029 506 1061 pro
531 1018 634 1050 salute
658 1018 765 1050 anime
790 1029 859 1050 mee
887 1020 919 1050 et
945 1017 1092 1050 omnium
1121 1019 1356 1049 antecessorum
1381 1020 1413 1050 et
1443 1029 1656 1050 successorum

184 1098 330 1120 meorum
356 1086 541 1119 concessisse
568 1088 600 1118 et
627 1086 750 1118 dedisse
779 1111 785 1117 .
812 1088 844 1118 et
871 1086 902 1118 h.
931 1098 955 1118 c.
984 1097 1026 1118 m.
1053 1086 1255 1118 confirmasse
1282 1086 1324 1118 D.
1352 1088 1384 1118 et
1411 1097 1454 1118 eo.
1481 1086 1512 1118 S.
1542 1086 1588 1119 M.
1617 1088 1658 1119 de

186 1155 340 1188 MARGAN
367 1181 374 1187 .
400 1157 432 1187 et
454 1166 497 1188 m.
519 1155 540 1187 i.
563 1155 606 1188 D.
627 1166 650 1187 s.
671 1155 706 1187 in
729 1166 843 1197 puram
862 1159 894 1187 et
914 1157 1103 1198 perpetuam
1124 1155 1330 1187 elemosinam
1350 1158 1452 1188 totam
1474 1159 1592 1188 terram
1617 1157 1657 1189 de

186 1223 379 1257 Rossmmn
405 1250 410 1256 .
437 1235 510 1256 cum
531 1223 680 1256 omnibus
698 1224 903 1267 pertinentiis
921 1224 986 1256 suis
1009 1250 1014 1256 .
1036 1224 1070 1256 in
1089 1223 1183 1256 bosco
1200 1249 1206 1255 .
1224 1226 1255 1255 et
1274 1224 1371 1266 plano
1392 1250 1398 1255 .
1419 1224 1453 1256 in
1474 1225 1574 1266 pratis
1597 1251 1603 1257 .
1627 1227 1660 1258 et

185 1292 325 1336 pastui-is
350 1318 356 1324 .
381 1295 413 1325 et
431 1291 579 1324 omnibus
600 1292 672 1324 aliis
695 1292 891 1325 aisiamentis
914 1317 920 1324 .
944 1295 976 1324 et
1002 1291 1205 1324 libertatibus
1227 1292 1292 1324 suis
1315 1319 1320 1324 .
1345 1304 1403 1335 per
1426 1292 1483 1325 has
1503 1293 1621 1326 divisas
1649 1319 1656 1326 .

185 1361 304 1394 scilieet
328 1361 480 1403 quicquid
505 1361 687 1393 continetur
710 1362 794 1393 inter
822 1373 939 1404 aquam
971 1373 1033 1403 que
1057 1361 1175 1393 dieitur
1202 1361 1339 1394 Wmcn
1364 1387 1370 1394 .
1394 1366 1427 1394 et
1451 1374 1568 1404 aquam
1596 1374 1658 1406 que

185 1430 303 1462 dicitur
318 1429 563 1461 CLAUDAC’KAN
589 1456 595 1462 .
620 1433 652 1462 et
670 1430 756 1462 inter
776 1441 893 1472 aquam
914 1431 953 1462 de
969 1430 1074 1462 NEm
1090 1432 1121 1462 et
1142 1441 1296 1473 magnam
1312 1430 1398 1462 viam
1415 1442 1476 1473 que
1493 1432 1582 1464 vadit
1601 1443 1659 1474 per

184 1501 339 1530 montana.
366 1524 372 1530 .
400 1499 439 1530 de
466 1497 721 1530 TORREBETHEL
746 1524 753 1530 .
774 1509 873 1541 usque
894 1499 936 1530 ad
961 1498 1173 1530 BLEINWRAC
1199 1525 1205 1530 .
1227 1503 1258 1531 et
1282 1510 1392 1531 omnes
1415 1500 1658 1533 commoditates

183 1578 266 1609 aque
281 1567 320 1599 de
336 1566 441 1598 Nam
459 1592 465 1598 .
483 1567 568 1599 inter
583 1567 663 1599 duas
679 1579 778 1609 aquas
794 1567 1033 1609 prenominatae
1047 1592 1053 1599 .
1068 1567 1187 1599 scilicet
1198 1567 1309 1600 WRAC
1322 1571 1354 1600 et
1366 1567 1654 1603 CLEUDACUMKAC.

183 1635 321 1678 Insuper
344 1635 440 1667 etiam
461 1647 570 1668 omnes
591 1636 832 1668 commoditates
856 1636 958 1668 tocius
973 1636 1112 1668 nemoris
1127 1635 1214 1668 infra
1228 1636 1387 1679 predictos
1402 1637 1556 1670 terminos
1572 1638 1653 1670 exis-

180 1705 284 1736 tentes
297 1729 303 1735 .
318 1706 385 1735 tam
401 1703 435 1735 in
451 1703 545 1735 melle
562 1706 594 1735 et
610 1703 722 1735 avibus
735 1730 741 1735 .
756 1715 853 1746 quam
869 1704 909 1736 de
922 1703 1070 1736 omnibus
1085 1704 1156 1736 aliis
1172 1704 1311 1736 comodis
1325 1730 1331 1736 .
1344 1705 1383 1736 de
1400 1705 1510 1737 eodem
1525 1717 1654 1738 nemore

180 1771 451 1815 provenientibus.
512 1770 663 1803 Preterea
685 1772 822 1804 concessi
843 1775 875 1804 et
898 1772 1083 1804 confirmavi
1109 1772 1251 1814 predicte
1275 1773 1385 1804 domui
1408 1773 1447 1804 de
1471 1772 1625 1805 MARGAN
1644 1799 1651 1806 .

181 1851 291 1873 omnes
314 1840 502 1872 donationes
518 1842 549 1872 et
570 1840 826 1873 confirmationes
841 1852 921 1882 quas
937 1840 1131 1872 MORGANUS
1149 1866 1154 1872 .
1172 1843 1263 1883 pater
1279 1852 1368 1873 meus
1386 1867 1391 1872 .
1410 1844 1441 1873 et
1457 1841 1572 1874 fratres
1588 1842 1651 1874 mei

178 1908 352 1942 LmsANus
367 1910 399 1940 et
416 1908 537 1940 meN
560 1908 705 1941 fecerunt
719 1908 824 1941 eidem
841 1909 951 1941 domui
969 1934 975 1940 .
992 1909 1077 1941 inter
1092 1920 1210 1951 aquam
1226 1909 1265 1941 de
1282 1909 1386 1941 Nmu
1404 1936 1410 1942 .
1429 1912 1460 1942 et
1477 1921 1594 1952 aquam
1609 1911 1650 1943 de

177 1977 304 2010 Avnxss
322 2003 328 2008 .
346 1988 402 2019 per
417 1976 525 2008 omnia
540 1976 622 2008 sicut
637 1979 722 2009 carte
738 1977 880 2019 ipsorum
895 1980 1064 2009 testantur.
1112 1977 1184 2009 Hec
1200 1977 1309 2009 omnia
1324 1978 1398 2009 dedi
1415 1981 1447 2010 et
1463 1979 1650 2011 confirmavi

178 2046 212 2078 in
228 2048 416 2089 perpetuam
433 2044 639 2077 elemosinam
654 2045 796 2087 predicte
811 2045 923 2077 domui
935 2046 975 2078 de
987 2045 1145 2078 MARGAM
1159 2070 1165 2077 .
1180 2046 1221 2077 ad
1233 2045 1418 2078 habendum
1430 2049 1462 2078 et
1473 2048 1649 2079 tenendum

179 2113 278 2146 libere
301 2118 333 2146 et
354 2113 482 2156 pacifice
503 2112 544 2144 ab
566 2112 655 2144 omni
676 2113 810 2145 seculari
831 2113 959 2146 servitio
980 2139 986 2145 .
1010 2114 1091 2146 sicut
1115 2114 1182 2146 ulla
1203 2114 1375 2146 elemosina
1395 2114 1526 2148 liberius
1547 2118 1651 2158 potest

180 2182 292 2215 teneri.
339 2181 477 2225 Insuper
499 2181 597 2213 etiam
618 2180 726 2223 juravi
753 2192 847 2224 super
873 2183 1053 2215 sanctuaria
1079 2182 1226 2225 ejusdem
1253 2183 1380 2216 ecclesie
1405 2184 1444 2216 de
1468 2183 1622 2216 MARGAN
1641 2210 1648 2217 .

177 2251 264 2294 quod
281 2250 339 2283 hec
354 2250 463 2282 omnia.
482 2249 623 2292 predicte
647 2250 755 2282 domui
776 2250 912 2283 fideliter
927 2253 960 2283 et
979 2250 1113 2283 firmiter
1134 2250 1249 2283 tenebo
1267 2277 1272 2282 .
1290 2254 1322 2283 et
1338 2251 1552 2285 warantizabo
1569 2278 1574 2284 .
1592 2263 1650 2295 pro

334 2355 386 2382 51>
