<?xml version="1.0" encoding="UTF-8"?>
<!DOCTYPE html PUBLIC "-//W3C//DTD XHTML 1.0 Transitional//EN"
    "http://www.w3.org/TR/xhtml1/DTD/xhtml1-transitional.dtd">
<html xmlns="http://www.w3.org/1999/xhtml" xml:lang="en" lang="en">
 <head>
  <title>
</title>
<meta http-equiv="Content-Type" content="text/html;charset=utf-8" />
  <meta name='ocr-system' content='tesseract 3.04.00' />
  <meta name='ocr-capabilities' content='ocr_page ocr_carea ocr_par ocr_line ocrx_word'/>
</head>
<body>
  <div class='ocr_page' id='page_1' title='image "./cartaeetaliamuni03claruoft_0432.png"; bbox 0 0 1820 2548; ppageno 0'>
   <div class='ocr_carea' id='block_1_1' title="bbox 226 205 307 236">
    <p class='ocr_par' dir='ltr' id='par_1_1' title="bbox 226 205 307 236">
     <span class='ocr_line' id='line_1_1' title="bbox 226 205 307 236; baseline 0.012 -1"><span class='ocrx_word' id='word_1_1' title='bbox 226 205 307 236; x_wconf 74' lang='lat'>1134</span> 
     </span>
    </p>
   </div>
   <div class='ocr_carea' id='block_1_2' title="bbox 770 397 1046 430">
    <p class='ocr_par' dir='ltr' id='par_1_2' title="bbox 770 397 1046 430">
     <span class='ocr_line' id='line_1_2' title="bbox 770 397 1046 430; baseline 0.004 -1"><span class='ocrx_word' id='word_1_2' title='bbox 770 397 1046 430; x_wconf 84' lang='lat' dir='ltr'>DCCOCXXVI.</span> 
     </span>
    </p>
   </div>
   <div class='ocr_carea' id='block_1_3' title="bbox 182 476 1640 584">
    <p class='ocr_par' dir='ltr' id='par_1_3' title="bbox 182 476 1640 584">
     <span class='ocr_line' id='line_1_3' title="bbox 182 476 1640 518; baseline 0.003 -9"><span class='ocrx_word' id='word_1_3' title='bbox 182 476 344 509; x_wconf 83' lang='lat' dir='ltr'>GRANT</span> <span class='ocrx_word' id='word_1_4' title='bbox 374 477 438 509; x_wconf 88' lang='lat' dir='ltr'>BY</span> <span class='ocrx_word' id='word_1_5' title='bbox 469 477 718 517; x_wconf 81' lang='lat' dir='ltr'><strong>NICHOLAS,</strong></span> <span class='ocrx_word' id='word_1_6' title='bbox 745 477 832 510; x_wconf 86' lang='lat' dir='ltr'>SON</span> <span class='ocrx_word' id='word_1_7' title='bbox 863 477 922 510; x_wconf 90' lang='lat' dir='ltr'>OF</span> <span class='ocrx_word' id='word_1_8' title='bbox 951 478 1078 510; x_wconf 86' lang='lat' dir='ltr'>JOHN</span> <span class='ocrx_word' id='word_1_9' title='bbox 1108 478 1300 518; x_wconf 88' lang='lat' dir='ltr'>NIOHOL,</span> <span class='ocrx_word' id='word_1_10' title='bbox 1331 478 1388 511; x_wconf 88' lang='lat' dir='ltr'>TO</span> <span class='ocrx_word' id='word_1_11' title='bbox 1419 479 1640 513; x_wconf 81' lang='lat' dir='ltr'>WILLIAM</span> 
     </span>
     <span class='ocr_line' id='line_1_4' title="bbox 248 544 1574 584; baseline 0.002 -8"><span class='ocrx_word' id='word_1_12' title='bbox 248 544 348 577; x_wconf 87' lang='lat' dir='ltr'>AND</span> <span class='ocrx_word' id='word_1_13' title='bbox 386 545 616 577; x_wconf 86' lang='lat' dir='ltr'><strong>JOHANNA</strong></span> <span class='ocrx_word' id='word_1_14' title='bbox 646 545 803 584; x_wconf 80' lang='lat' dir='ltr'>TERRI,</span> <span class='ocrx_word' id='word_1_15' title='bbox 835 545 894 578; x_wconf 86' lang='lat' dir='ltr'>OF</span> <span class='ocrx_word' id='word_1_16' title='bbox 923 546 957 578; x_wconf 92' lang='lat' dir='ltr'>A</span> <span class='ocrx_word' id='word_1_17' title='bbox 986 546 1235 579; x_wconf 79' lang='lat' dir='ltr'>MESSUAGE</span> <span class='ocrx_word' id='word_1_18' title='bbox 1267 546 1319 579; x_wconf 91' lang='lat' dir='ltr'>IN</span> <span class='ocrx_word' id='word_1_19' title='bbox 1358 546 1574 580; x_wconf 78' lang='lat' dir='ltr'><strong>OARDIFF.</strong></span> 
     </span>
    </p>
   </div>
   <div class='ocr_carea' id='block_1_4' title="bbox 222 625 1640 750">
    <p class='ocr_par' dir='ltr' id='par_1_4' title="bbox 222 625 1640 750">
     <span class='ocr_line' id='line_1_5' title="bbox 715 625 1593 670; baseline 0.002 -12"><span class='ocrx_word' id='word_1_20' title='bbox 715 625 887 668; x_wconf 73' lang='lat' dir='ltr'>[MARGAM</span> <span class='ocrx_word' id='word_1_21' title='bbox 911 626 1104 670; x_wconf 66' lang='lat' dir='ltr'>CHARTER]</span> <span class='ocrx_word' id='word_1_22' title='bbox 1372 627 1475 660; x_wconf 70' lang='lat' dir='ltr'>CnoeA</span> <span class='ocrx_word' id='word_1_23' title='bbox 1501 628 1593 660; x_wconf 86' lang='lat'>1325.</span> 
     </span>
     <span class='ocr_line' id='line_1_6' title="bbox 222 705 1640 750; baseline 0.003 -13"><span class='ocrx_word' id='word_1_24' title='bbox 222 705 346 737; x_wconf 87' lang='lat' dir='ltr'>Notum</span> <span class='ocrx_word' id='word_1_25' title='bbox 370 706 411 737; x_wconf 86' lang='lat' dir='ltr'>sit</span> <span class='ocrx_word' id='word_1_26' title='bbox 435 706 582 738; x_wconf 86' lang='lat' dir='ltr'>omnibus</span> <span class='ocrx_word' id='word_1_27' title='bbox 603 706 802 748; x_wconf 76' lang='lat' dir='ltr'><strong>presentibus</strong></span> <span class='ocrx_word' id='word_1_28' title='bbox 823 709 854 739; x_wconf 86' lang='lat' dir='ltr'>et</span> <span class='ocrx_word' id='word_1_29' title='bbox 875 707 992 739; x_wconf 76' lang='lat' dir='ltr'>futuris</span> <span class='ocrx_word' id='word_1_30' title='bbox 1015 709 1100 750; x_wconf 90' lang='lat' dir='ltr'>quod</span> <span class='ocrx_word' id='word_1_31' title='bbox 1116 719 1175 750; x_wconf 90' lang='lat' dir='ltr'>ego</span> <span class='ocrx_word' id='word_1_32' title='bbox 1191 707 1389 740; x_wconf 76' lang='lat' dir='ltr'>NICHOLAUS</span> <span class='ocrx_word' id='word_1_33' title='bbox 1404 708 1489 740; x_wconf 90' lang='lat' dir='ltr'>filius</span> <span class='ocrx_word' id='word_1_34' title='bbox 1504 714 1536 740; x_wconf 84' lang='lat' dir='ltr'>et</span> <span class='ocrx_word' id='word_1_35' title='bbox 1549 708 1640 742; x_wconf 84' lang='lat' dir='ltr'>heres</span> 
     </span>
    </p>
   </div>
   <div class='ocr_carea' id='block_1_5' title="bbox 171 773 1638 2246">
    <p class='ocr_par' dir='ltr' id='par_1_5' title="bbox 171 773 1638 2246">
     <span class='ocr_line' id='line_1_7' title="bbox 178 773 1638 818; baseline 0.002 -13"><span class='ocrx_word' id='word_1_36' title='bbox 178 773 200 805; x_wconf 87' lang='lat' dir='ltr'>J</span> <span class='ocrx_word' id='word_1_37' title='bbox 202 784 352 805; x_wconf 72' lang='lat' dir='ltr'>OHANNIS</span> <span class='ocrx_word' id='word_1_38' title='bbox 367 773 514 806; x_wconf 72' lang='lat' dir='ltr'>NmnoL’</span> <span class='ocrx_word' id='word_1_39' title='bbox 531 775 605 806; x_wconf 87' lang='lat' dir='ltr'>dedi</span> <span class='ocrx_word' id='word_1_40' title='bbox 620 775 756 806; x_wconf 76' lang='lat' dir='ltr'><strong>concessi</strong></span> <span class='ocrx_word' id='word_1_41' title='bbox 772 778 804 806; x_wconf 90' lang='lat' dir='ltr'>et</span> <span class='ocrx_word' id='word_1_42' title='bbox 821 775 879 807; x_wconf 83' lang='lat' dir='ltr'>hac</span> <span class='ocrx_word' id='word_1_43' title='bbox 894 776 1033 818; x_wconf 80' lang='lat' dir='ltr'>presenti</span> <span class='ocrx_word' id='word_1_44' title='bbox 1050 778 1135 808; x_wconf 76' lang='lat' dir='ltr'>carta</span> <span class='ocrx_word' id='word_1_45' title='bbox 1151 787 1221 807; x_wconf 88' lang='lat' dir='ltr'>mea</span> <span class='ocrx_word' id='word_1_46' title='bbox 1244 776 1428 808; x_wconf 82' lang='lat' dir='ltr'>confirmavi</span> <span class='ocrx_word' id='word_1_47' title='bbox 1443 775 1638 809; x_wconf 72' lang='lat' dir='ltr'>WlLLELuo</span> 
     </span>
     <span class='ocr_line' id='line_1_8' title="bbox 177 840 1637 887; baseline 0.003 -15"><span class='ocrx_word' id='word_1_48' title='bbox 177 840 287 873; x_wconf 67' lang='lat' dir='ltr'>Tmm</span> <span class='ocrx_word' id='word_1_49' title='bbox 304 844 336 873; x_wconf 87' lang='lat' dir='ltr'>et</span> <span class='ocrx_word' id='word_1_50' title='bbox 350 841 373 874; x_wconf 88' lang='lat' dir='ltr'>J</span> <span class='ocrx_word' id='word_1_51' title='bbox 375 853 515 874; x_wconf 74' lang='lat' dir='ltr'>OHANNE</span> <span class='ocrx_word' id='word_1_52' title='bbox 531 843 623 874; x_wconf 84' lang='lat' dir='ltr'>uxori</span> <span class='ocrx_word' id='word_1_53' title='bbox 639 854 693 874; x_wconf 88' lang='lat' dir='ltr'>sue</span> <span class='ocrx_word' id='word_1_54' title='bbox 709 847 740 874; x_wconf 88' lang='lat' dir='ltr'>et</span> <span class='ocrx_word' id='word_1_55' title='bbox 756 843 925 875; x_wconf 78' lang='lat' dir='ltr'>heredibus</span> <span class='ocrx_word' id='word_1_56' title='bbox 941 846 973 875; x_wconf 88' lang='lat' dir='ltr'>et</span> <span class='ocrx_word' id='word_1_57' title='bbox 989 844 1157 886; x_wconf 85' lang='lat' dir='ltr'>assignatis</span> <span class='ocrx_word' id='word_1_58' title='bbox 1177 855 1285 875; x_wconf 88' lang='lat' dir='ltr'>eorum</span> <span class='ocrx_word' id='word_1_59' title='bbox 1302 855 1403 876; x_wconf 88' lang='lat' dir='ltr'>unum</span> <span class='ocrx_word' id='word_1_60' title='bbox 1420 844 1637 887; x_wconf 83' lang='lat' dir='ltr'>messuagium</span> 
     </span>
     <span class='ocr_line' id='line_1_9' title="bbox 176 910 1636 954; baseline 0.003 -14"><span class='ocrx_word' id='word_1_61' title='bbox 176 910 260 950; x_wconf 91' lang='lat' dir='ltr'>quod</span> <span class='ocrx_word' id='word_1_62' title='bbox 276 912 323 941; x_wconf 87' lang='lat' dir='ltr'>est</span> <span class='ocrx_word' id='word_1_63' title='bbox 338 910 371 941; x_wconf 89' lang='lat' dir='ltr'>in</span> <span class='ocrx_word' id='word_1_64' title='bbox 388 910 464 941; x_wconf 85' lang='lat' dir='ltr'>villa</span> <span class='ocrx_word' id='word_1_65' title='bbox 480 911 519 942; x_wconf 91' lang='lat' dir='ltr'>de</span> <span class='ocrx_word' id='word_1_66' title='bbox 536 910 733 942; x_wconf 72' lang='lat' dir='ltr'><strong>KENEFEGH</strong></span> <span class='ocrx_word' id='word_1_67' title='bbox 750 913 782 942; x_wconf 89' lang='lat' dir='ltr'>et</span> <span class='ocrx_word' id='word_1_68' title='bbox 798 914 934 953; x_wconf 86' lang='lat' dir='ltr'>quatuor</span> <span class='ocrx_word' id='word_1_69' title='bbox 950 911 1091 954; x_wconf 76' lang='lat' dir='ltr'>virgatas</span> <span class='ocrx_word' id='word_1_70' title='bbox 1103 913 1185 943; x_wconf 84' lang='lat' dir='ltr'>terre</span> <span class='ocrx_word' id='word_1_71' title='bbox 1201 914 1232 943; x_wconf 88' lang='lat' dir='ltr'>et</span> <span class='ocrx_word' id='word_1_72' title='bbox 1245 912 1397 944; x_wconf 81' lang='lat' dir='ltr'>extendid</span> <span class='ocrx_word' id='word_1_73' title='bbox 1410 912 1475 954; x_wconf 74' lang='lat' dir='ltr'>(sic)</span> <span class='ocrx_word' id='word_1_74' title='bbox 1491 923 1523 944; x_wconf 91' lang='lat' dir='ltr'>se</span> <span class='ocrx_word' id='word_1_75' title='bbox 1535 915 1636 945; x_wconf 84' lang='lat' dir='ltr'>unum</span> 
     </span>
     <span class='ocr_line' id='line_1_10' title="bbox 175 977 1635 1021; baseline 0.003 -13"><span class='ocrx_word' id='word_1_76' title='bbox 175 980 269 1018; x_wconf 84' lang='lat' dir='ltr'>eaput</span> <span class='ocrx_word' id='word_1_77' title='bbox 288 977 365 1009; x_wconf 87' lang='lat' dir='ltr'>dicti</span> <span class='ocrx_word' id='word_1_78' title='bbox 389 978 559 1020; x_wconf 85' lang='lat' dir='ltr'>messuagii</span> <span class='ocrx_word' id='word_1_79' title='bbox 580 979 621 1010; x_wconf 89' lang='lat' dir='ltr'>ad</span> <span class='ocrx_word' id='word_1_80' title='bbox 642 979 858 1020; x_wconf 84' lang='lat' dir='ltr'>messuagium</span> <span class='ocrx_word' id='word_1_81' title='bbox 881 979 966 1020; x_wconf 87' lang='lat' dir='ltr'>quod</span> <span class='ocrx_word' id='word_1_82' title='bbox 987 980 1148 1021; x_wconf 81' lang='lat' dir='ltr'>quondam</span> <span class='ocrx_word' id='word_1_83' title='bbox 1174 980 1278 1011; x_wconf 86' lang='lat' dir='ltr'>tenuit</span> <span class='ocrx_word' id='word_1_84' title='bbox 1300 980 1406 1012; x_wconf 74' lang='lat' dir='ltr'>ADAM</span> <span class='ocrx_word' id='word_1_85' title='bbox 1429 980 1584 1013; x_wconf 71' lang='lat' dir='ltr'>Hmme&#39;</span> <span class='ocrx_word' id='word_1_86' title='bbox 1599 981 1635 1013; x_wconf 87' lang='lat' dir='ltr'>in</span> 
     </span>
     <span class='ocr_line' id='line_1_11' title="bbox 173 1045 1633 1091; baseline 0.003 -14"><span class='ocrx_word' id='word_1_87' title='bbox 173 1047 263 1086; x_wconf 82' lang='lat' dir='ltr'>parte</span> <span class='ocrx_word' id='word_1_88' title='bbox 278 1045 465 1077; x_wconf 83' lang='lat' dir='ltr'>occidentali</span> <span class='ocrx_word' id='word_1_89' title='bbox 479 1050 510 1078; x_wconf 87' lang='lat' dir='ltr'>et</span> <span class='ocrx_word' id='word_1_90' title='bbox 526 1047 686 1088; x_wconf 88' lang='lat' dir='ltr'>reliquum</span> <span class='ocrx_word' id='word_1_91' title='bbox 701 1047 804 1089; x_wconf 83' lang='lat' dir='ltr'>capud</span> <span class='ocrx_word' id='word_1_92' title='bbox 823 1047 992 1089; x_wconf 78' lang='lat' dir='ltr'>pretendjd</span> <span class='ocrx_word' id='word_1_93' title='bbox 1010 1048 1074 1089; x_wconf 68' lang='lat' dir='ltr'>(sic)</span> <span class='ocrx_word' id='word_1_94' title='bbox 1094 1059 1125 1079; x_wconf 92' lang='lat' dir='ltr'>se</span> <span class='ocrx_word' id='word_1_95' title='bbox 1142 1048 1176 1079; x_wconf 91' lang='lat' dir='ltr'>in</span> <span class='ocrx_word' id='word_1_96' title='bbox 1195 1048 1399 1090; x_wconf 87' lang='lat' dir='ltr'>longitudine</span> <span class='ocrx_word' id='word_1_97' title='bbox 1415 1049 1455 1081; x_wconf 87' lang='lat' dir='ltr'>ad</span> <span class='ocrx_word' id='word_1_98' title='bbox 1471 1049 1556 1081; x_wconf 83' lang='lat' dir='ltr'>viam</span> <span class='ocrx_word' id='word_1_99' title='bbox 1572 1060 1633 1091; x_wconf 83' lang='lat' dir='ltr'>que</span> 
     </span>
     <span class='ocr_line' id='line_1_12' title="bbox 173 1113 1633 1158; baseline 0.002 -13"><span class='ocrx_word' id='word_1_100' title='bbox 173 1113 261 1145; x_wconf 83' lang='lat' dir='ltr'>ducit</span> <span class='ocrx_word' id='word_1_101' title='bbox 284 1114 359 1146; x_wconf 84' lang='lat' dir='ltr'>foris</span> <span class='ocrx_word' id='word_1_102' title='bbox 376 1115 485 1146; x_wconf 83' lang='lat' dir='ltr'>villam</span> <span class='ocrx_word' id='word_1_103' title='bbox 500 1115 535 1146; x_wconf 88' lang='lat' dir='ltr'>in</span> <span class='ocrx_word' id='word_1_104' title='bbox 551 1118 641 1156; x_wconf 85' lang='lat' dir='ltr'>parte</span> <span class='ocrx_word' id='word_1_105' title='bbox 666 1115 821 1146; x_wconf 80' lang='lat' dir='ltr'>orientali.</span> <span class='ocrx_word' id='word_1_106' title='bbox 868 1115 915 1147; x_wconf 76' lang='lat' dir='ltr'>Et</span> <span class='ocrx_word' id='word_1_107' title='bbox 930 1115 1091 1157; x_wconf 83' lang='lat' dir='ltr'>expandid</span> <span class='ocrx_word' id='word_1_108' title='bbox 1110 1116 1176 1158; x_wconf 72' lang='lat' dir='ltr'>(sic)</span> <span class='ocrx_word' id='word_1_109' title='bbox 1195 1127 1227 1148; x_wconf 87' lang='lat' dir='ltr'>se</span> <span class='ocrx_word' id='word_1_110' title='bbox 1245 1116 1280 1148; x_wconf 88' lang='lat' dir='ltr'>in</span> <span class='ocrx_word' id='word_1_111' title='bbox 1303 1116 1475 1149; x_wconf 84' lang='lat' dir='ltr'>latitudine</span> <span class='ocrx_word' id='word_1_112' title='bbox 1491 1117 1532 1148; x_wconf 83' lang='lat' dir='ltr'>ad</span> <span class='ocrx_word' id='word_1_113' title='bbox 1548 1117 1633 1149; x_wconf 82' lang='lat' dir='ltr'>viam</span> 
     </span>
     <span class='ocr_line' id='line_1_13' title="bbox 173 1182 1633 1226; baseline 0.002 -13"><span class='ocrx_word' id='word_1_114' title='bbox 173 1193 234 1224; x_wconf 89' lang='lat' dir='ltr'>que</span> <span class='ocrx_word' id='word_1_115' title='bbox 252 1186 380 1214; x_wconf 83' lang='lat' dir='ltr'>vocatur</span> <span class='ocrx_word' id='word_1_116' title='bbox 401 1182 550 1214; x_wconf 84' lang='lat' dir='ltr'>ESSTRET</span> <span class='ocrx_word' id='word_1_117' title='bbox 571 1183 603 1214; x_wconf 90' lang='lat' dir='ltr'>in</span> <span class='ocrx_word' id='word_1_118' title='bbox 621 1186 710 1225; x_wconf 84' lang='lat' dir='ltr'>parte</span> <span class='ocrx_word' id='word_1_119' title='bbox 728 1183 841 1215; x_wconf 86' lang='lat' dir='ltr'>boriali</span> <span class='ocrx_word' id='word_1_120' title='bbox 863 1186 894 1215; x_wconf 87' lang='lat' dir='ltr'>et</span> <span class='ocrx_word' id='word_1_121' title='bbox 916 1183 1040 1215; x_wconf 83' lang='lat' dir='ltr'>fontem</span> <span class='ocrx_word' id='word_1_122' title='bbox 1061 1195 1157 1226; x_wconf 88' lang='lat' dir='ltr'>quem</span> <span class='ocrx_word' id='word_1_123' title='bbox 1173 1185 1334 1226; x_wconf 82' lang='lat' dir='ltr'>quondam</span> <span class='ocrx_word' id='word_1_124' title='bbox 1355 1185 1460 1216; x_wconf 89' lang='lat' dir='ltr'>tenuit</span> <span class='ocrx_word' id='word_1_125' title='bbox 1481 1184 1633 1217; x_wconf 72' lang='lat' dir='ltr'><strong>HELENA</strong></span> 
     </span>
     <span class='ocr_line' id='line_1_14' title="bbox 173 1249 1634 1295; baseline 0.002 -14"><span class='ocrx_word' id='word_1_126' title='bbox 173 1249 388 1282; x_wconf 73' lang='lat' dir='ltr'>MELEWARD’</span> <span class='ocrx_word' id='word_1_127' title='bbox 405 1251 438 1282; x_wconf 87' lang='lat' dir='ltr'>in</span> <span class='ocrx_word' id='word_1_128' title='bbox 455 1254 543 1293; x_wconf 83' lang='lat' dir='ltr'>parte</span> <span class='ocrx_word' id='word_1_129' title='bbox 561 1252 700 1283; x_wconf 75' lang='lat' dir='ltr'>australi.</span> <span class='ocrx_word' id='word_1_130' title='bbox 748 1251 946 1284; x_wconf 85' lang='lat' dir='ltr'>Habendum</span> <span class='ocrx_word' id='word_1_131' title='bbox 962 1254 992 1283; x_wconf 87' lang='lat' dir='ltr'>et</span> <span class='ocrx_word' id='word_1_132' title='bbox 1017 1252 1191 1283; x_wconf 88' lang='lat' dir='ltr'>tenendum</span> <span class='ocrx_word' id='word_1_133' title='bbox 1207 1252 1403 1284; x_wconf 87' lang='lat' dir='ltr'>antedictum</span> <span class='ocrx_word' id='word_1_134' title='bbox 1418 1252 1634 1295; x_wconf 82' lang='lat' dir='ltr'>messuagium</span> 
     </span>
     <span class='ocr_line' id='line_1_15' title="bbox 171 1320 1634 1364; baseline 0.002 -14"><span class='ocrx_word' id='word_1_135' title='bbox 171 1322 203 1350; x_wconf 88' lang='lat' dir='ltr'>et</span> <span class='ocrx_word' id='word_1_136' title='bbox 224 1323 360 1361; x_wconf 82' lang='lat' dir='ltr'>quatuor</span> <span class='ocrx_word' id='word_1_137' title='bbox 384 1320 524 1361; x_wconf 80' lang='lat' dir='ltr'>virgatas</span> <span class='ocrx_word' id='word_1_138' title='bbox 550 1324 630 1351; x_wconf 84' lang='lat' dir='ltr'>terre</span> <span class='ocrx_word' id='word_1_139' title='bbox 655 1321 693 1351; x_wconf 89' lang='lat' dir='ltr'>de</span> <span class='ocrx_word' id='word_1_140' title='bbox 716 1331 766 1351; x_wconf 89' lang='lat' dir='ltr'>me</span> <span class='ocrx_word' id='word_1_141' title='bbox 788 1322 819 1351; x_wconf 90' lang='lat' dir='ltr'>et</span> <span class='ocrx_word' id='word_1_142' title='bbox 841 1320 1010 1352; x_wconf 82' lang='lat' dir='ltr'>heredibus</span> <span class='ocrx_word' id='word_1_143' title='bbox 1032 1320 1110 1352; x_wconf 90' lang='lat' dir='ltr'>meis</span> <span class='ocrx_word' id='word_1_144' title='bbox 1132 1320 1182 1352; x_wconf 90' lang='lat' dir='ltr'>vel</span> <span class='ocrx_word' id='word_1_145' title='bbox 1204 1320 1283 1352; x_wconf 87' lang='lat' dir='ltr'>meis</span> <span class='ocrx_word' id='word_1_146' title='bbox 1303 1321 1472 1363; x_wconf 83' lang='lat' dir='ltr'>assignatis</span> <span class='ocrx_word' id='word_1_147' title='bbox 1491 1321 1634 1364; x_wconf 86' lang='lat' dir='ltr'>predicto</span> 
     </span>
     <span class='ocr_line' id='line_1_16' title="bbox 172 1387 1630 1430; baseline 0 -11"><span class='ocrx_word' id='word_1_148' title='bbox 172 1387 365 1419; x_wconf 61' lang='lat' dir='ltr'>Wufflmo</span> <span class='ocrx_word' id='word_1_149' title='bbox 391 1391 422 1419; x_wconf 90' lang='lat' dir='ltr'>et</span> <span class='ocrx_word' id='word_1_150' title='bbox 446 1388 611 1420; x_wconf 72' lang='lat' dir='ltr'><strong>JOHANNE</strong></span> <span class='ocrx_word' id='word_1_151' title='bbox 635 1388 725 1420; x_wconf 80' lang='lat' dir='ltr'>uxori</span> <span class='ocrx_word' id='word_1_152' title='bbox 754 1400 807 1420; x_wconf 90' lang='lat' dir='ltr'>sue</span> <span class='ocrx_word' id='word_1_153' title='bbox 831 1390 863 1420; x_wconf 86' lang='lat' dir='ltr'>et</span> <span class='ocrx_word' id='word_1_154' title='bbox 886 1387 1055 1420; x_wconf 78' lang='lat' dir='ltr'>heredibus</span> <span class='ocrx_word' id='word_1_155' title='bbox 1081 1399 1116 1419; x_wconf 88' lang='lat' dir='ltr'>ac</span> <span class='ocrx_word' id='word_1_156' title='bbox 1144 1388 1313 1430; x_wconf 86' lang='lat' dir='ltr'>assignatis</span> <span class='ocrx_word' id='word_1_157' title='bbox 1337 1399 1445 1426; x_wconf 74' lang='lat' dir='ltr'>eorum</span> <span class='ocrx_word' id='word_1_158' title='bbox 1470 1413 1476 1419; x_wconf 96' lang='lat'>.</span> <span class='ocrx_word' id='word_1_159' title='bbox 1500 1387 1599 1420; x_wconf 86' lang='lat' dir='ltr'>libere</span> <span class='ocrx_word' id='word_1_160' title='bbox 1623 1413 1630 1420; x_wconf 93' lang='lat'>.</span> 
     </span>
     <span class='ocr_line' id='line_1_17' title="bbox 171 1455 1634 1498; baseline 0.001 -11"><span class='ocrx_word' id='word_1_161' title='bbox 171 1456 293 1497; x_wconf 85' lang='lat' dir='ltr'>quiete.</span> <span class='ocrx_word' id='word_1_162' title='bbox 309 1455 388 1487; x_wconf 89' lang='lat' dir='ltr'>bene</span> <span class='ocrx_word' id='word_1_163' title='bbox 400 1481 406 1487; x_wconf 92' lang='lat'>.</span> <span class='ocrx_word' id='word_1_164' title='bbox 419 1455 542 1498; x_wconf 81' lang='lat' dir='ltr'>integre</span> <span class='ocrx_word' id='word_1_165' title='bbox 555 1482 560 1487; x_wconf 93' lang='lat'>.</span> <span class='ocrx_word' id='word_1_166' title='bbox 573 1459 604 1488; x_wconf 91' lang='lat' dir='ltr'>et</span> <span class='ocrx_word' id='word_1_167' title='bbox 616 1457 745 1498; x_wconf 77' lang='lat' dir='ltr'>pacifice</span> <span class='ocrx_word' id='word_1_168' title='bbox 757 1482 762 1487; x_wconf 95' lang='lat'>.</span> <span class='ocrx_word' id='word_1_169' title='bbox 776 1456 843 1488; x_wconf 88' lang='lat' dir='ltr'>sine</span> <span class='ocrx_word' id='word_1_170' title='bbox 859 1456 966 1498; x_wconf 88' lang='lat' dir='ltr'>aliqua</span> <span class='ocrx_word' id='word_1_171' title='bbox 979 1456 1160 1498; x_wconf 88' lang='lat' dir='ltr'>calumpnia</span> <span class='ocrx_word' id='word_1_172' title='bbox 1172 1456 1415 1498; x_wconf 86' lang='lat' dir='ltr'>imperpetuum.</span> <span class='ocrx_word' id='word_1_173' title='bbox 1455 1455 1634 1489; x_wconf 84' lang='lat' dir='ltr'>Reddendo</span> 
     </span>
     <span class='ocr_line' id='line_1_18' title="bbox 171 1523 1634 1567; baseline 0.001 -12"><span class='ocrx_word' id='word_1_174' title='bbox 171 1523 245 1556; x_wconf 87' lang='lat' dir='ltr'>inde</span> <span class='ocrx_word' id='word_1_175' title='bbox 268 1524 436 1556; x_wconf 79' lang='lat' dir='ltr'>annuatim</span> <span class='ocrx_word' id='word_1_176' title='bbox 459 1525 544 1556; x_wconf 85' lang='lat' dir='ltr'>dieto</span> <span class='ocrx_word' id='word_1_177' title='bbox 567 1524 718 1556; x_wconf 59' lang='lat' dir='ltr'>Nmomo</span> <span class='ocrx_word' id='word_1_178' title='bbox 742 1527 772 1556; x_wconf 87' lang='lat' dir='ltr'>et</span> <span class='ocrx_word' id='word_1_179' title='bbox 797 1524 964 1556; x_wconf 82' lang='lat' dir='ltr'>heredibus</span> <span class='ocrx_word' id='word_1_180' title='bbox 987 1536 1022 1556; x_wconf 82' lang='lat' dir='ltr'>ac</span> <span class='ocrx_word' id='word_1_181' title='bbox 1051 1524 1220 1567; x_wconf 84' lang='lat' dir='ltr'>assignatis</span> <span class='ocrx_word' id='word_1_182' title='bbox 1242 1524 1306 1556; x_wconf 87' lang='lat' dir='ltr'>suis</span> <span class='ocrx_word' id='word_1_183' title='bbox 1329 1527 1465 1566; x_wconf 85' lang='lat' dir='ltr'>quatuor</span> <span class='ocrx_word' id='word_1_184' title='bbox 1487 1525 1634 1558; x_wconf 77' lang='lat' dir='ltr'>denarios</span> 
     </span>
     <span class='ocr_line' id='line_1_19' title="bbox 172 1591 1632 1633; baseline 0.001 -9"><span class='ocrx_word' id='word_1_185' title='bbox 172 1593 213 1623; x_wconf 81' lang='lat' dir='ltr'>ad</span> <span class='ocrx_word' id='word_1_186' title='bbox 229 1595 365 1633; x_wconf 80' lang='lat' dir='ltr'>quatuor</span> <span class='ocrx_word' id='word_1_187' title='bbox 380 1592 457 1624; x_wconf 86' lang='lat' dir='ltr'>anni</span> <span class='ocrx_word' id='word_1_188' title='bbox 474 1592 626 1624; x_wconf 85' lang='lat' dir='ltr'>terminos</span> <span class='ocrx_word' id='word_1_189' title='bbox 643 1618 649 1624; x_wconf 92' lang='lat'><strong>.</strong></span> <span class='ocrx_word' id='word_1_190' title='bbox 668 1592 815 1624; x_wconf 77' lang='lat' dir='ltr'>videlicet</span> <span class='ocrx_word' id='word_1_191' title='bbox 830 1593 871 1623; x_wconf 86' lang='lat' dir='ltr'>ad</span> <span class='ocrx_word' id='word_1_192' title='bbox 886 1592 1005 1624; x_wconf 81' lang='lat' dir='ltr'>festum</span> <span class='ocrx_word' id='word_1_193' title='bbox 1022 1592 1131 1624; x_wconf 82' lang='lat' dir='ltr'>Sancti</span> <span class='ocrx_word' id='word_1_194' title='bbox 1147 1591 1343 1624; x_wconf 77' lang='lat' dir='ltr'>chuAEms</span> <span class='ocrx_word' id='word_1_195' title='bbox 1360 1618 1366 1624; x_wconf 93' lang='lat'><strong>.</strong></span> <span class='ocrx_word' id='word_1_196' title='bbox 1383 1593 1550 1625; x_wconf 87' lang='lat' dir='ltr'>denarium</span> <span class='ocrx_word' id='word_1_197' title='bbox 1567 1619 1573 1625; x_wconf 94' lang='lat'>.</span> <span class='ocrx_word' id='word_1_198' title='bbox 1591 1593 1632 1625; x_wconf 77' lang='lat' dir='ltr'>ad</span> 
     </span>
     <span class='ocr_line' id='line_1_20' title="bbox 173 1659 1632 1693; baseline 0.001 -2"><span class='ocrx_word' id='word_1_199' title='bbox 173 1659 290 1691; x_wconf 80' lang='lat' dir='ltr'>festum</span> <span class='ocrx_word' id='word_1_200' title='bbox 313 1659 398 1691; x_wconf 87' lang='lat' dir='ltr'>beati</span> <span class='ocrx_word' id='word_1_201' title='bbox 416 1660 563 1691; x_wconf 54' lang='lat' dir='ltr'>Asnam.</span> <span class='ocrx_word' id='word_1_202' title='bbox 586 1660 753 1691; x_wconf 86' lang='lat' dir='ltr'>denarium</span> <span class='ocrx_word' id='word_1_203' title='bbox 770 1685 777 1692; x_wconf 94' lang='lat'>.</span> <span class='ocrx_word' id='word_1_204' title='bbox 794 1661 834 1691; x_wconf 89' lang='lat' dir='ltr'>ad</span> <span class='ocrx_word' id='word_1_205' title='bbox 856 1659 955 1692; x_wconf 86' lang='lat' dir='ltr'>Pasea</span> <span class='ocrx_word' id='word_1_206' title='bbox 979 1660 1127 1692; x_wconf 88' lang='lat' dir='ltr'>floridum</span> <span class='ocrx_word' id='word_1_207' title='bbox 1148 1660 1314 1692; x_wconf 83' lang='lat' dir='ltr'>denarium</span> <span class='ocrx_word' id='word_1_208' title='bbox 1332 1686 1337 1692; x_wconf 95' lang='lat'>.</span> <span class='ocrx_word' id='word_1_209' title='bbox 1355 1660 1432 1692; x_wconf 89' lang='lat' dir='ltr'>item</span> <span class='ocrx_word' id='word_1_210' title='bbox 1455 1661 1495 1692; x_wconf 89' lang='lat' dir='ltr'>ad</span> <span class='ocrx_word' id='word_1_211' title='bbox 1513 1660 1632 1693; x_wconf 83' lang='lat' dir='ltr'>festum</span> 
     </span>
     <span class='ocr_line' id='line_1_21' title="bbox 173 1711 1633 1769; baseline 0.001 -10"><span class='ocrx_word' id='word_1_212' title='bbox 173 1727 257 1758; x_wconf 86' lang='lat' dir='ltr'>beati</span> <span class='ocrx_word' id='word_1_213' title='bbox 288 1727 309 1759; x_wconf 89' lang='lat' dir='ltr'>J</span> <span class='ocrx_word' id='word_1_214' title='bbox 312 1738 461 1759; x_wconf 69' lang='lat' dir='ltr'>emimus</span> <span class='ocrx_word' id='word_1_215' title='bbox 492 1727 660 1759; x_wconf 70' lang='lat' dir='ltr'>BAP‘ns&#39;rn</span> <span class='ocrx_word' id='word_1_216' title='bbox 690 1727 856 1759; x_wconf 83' lang='lat' dir='ltr'>denarium</span> <span class='ocrx_word' id='word_1_217' title='bbox 889 1753 895 1759; x_wconf 92' lang='lat'><strong>.</strong></span> <span class='ocrx_word' id='word_1_218' title='bbox 929 1739 984 1769; x_wconf 88' lang='lat' dir='ltr'>pro</span> <span class='ocrx_word' id='word_1_219' title='bbox 1015 1728 1102 1759; x_wconf 90' lang='lat' dir='ltr'>omni</span> <span class='ocrx_word' id='word_1_220' title='bbox 1133 1728 1261 1759; x_wconf 83' lang='lat' dir='ltr'>servicio</span> <span class='ocrx_word' id='word_1_221' title='bbox 1294 1731 1325 1759; x_wconf 85' lang='lat' dir='ltr'>et</span> <span class='ocrx_word' id='word_1_222' title='bbox 1356 1728 1442 1760; x_wconf 83' lang='lat' dir='ltr'>omni</span> <span class='ocrx_word' id='word_1_223' title='bbox 1469 1711 1633 1761; x_wconf 79' lang='lat' dir='ltr'>exactione</span> 
     </span>
     <span class='ocr_line' id='line_1_22' title="bbox 173 1795 1629 1838; baseline 0.001 -12"><span class='ocrx_word' id='word_1_224' title='bbox 173 1795 304 1827; x_wconf 81' lang='lat' dir='ltr'>seculari</span> <span class='ocrx_word' id='word_1_225' title='bbox 323 1799 354 1827; x_wconf 86' lang='lat' dir='ltr'>et</span> <span class='ocrx_word' id='word_1_226' title='bbox 376 1796 542 1827; x_wconf 81' lang='lat' dir='ltr'>demanda.</span> <span class='ocrx_word' id='word_1_227' title='bbox 590 1796 633 1827; x_wconf 85' lang='lat' dir='ltr'>Et</span> <span class='ocrx_word' id='word_1_228' title='bbox 657 1807 716 1838; x_wconf 91' lang='lat' dir='ltr'>ego</span> <span class='ocrx_word' id='word_1_229' title='bbox 740 1796 842 1827; x_wconf 85' lang='lat' dir='ltr'>dictus</span> <span class='ocrx_word' id='word_1_230' title='bbox 865 1795 1036 1827; x_wconf 66' lang='lat' dir='ltr'>Nmomus</span> <span class='ocrx_word' id='word_1_231' title='bbox 1059 1798 1090 1827; x_wconf 87' lang='lat' dir='ltr'>et</span> <span class='ocrx_word' id='word_1_232' title='bbox 1106 1795 1236 1828; x_wconf 87' lang='lat' dir='ltr'>heredes</span> <span class='ocrx_word' id='word_1_233' title='bbox 1252 1807 1287 1827; x_wconf 86' lang='lat' dir='ltr'>ae</span> <span class='ocrx_word' id='word_1_234' title='bbox 1302 1796 1457 1838; x_wconf 83' lang='lat' dir='ltr'>assignati</span> <span class='ocrx_word' id='word_1_235' title='bbox 1472 1796 1535 1828; x_wconf 90' lang='lat' dir='ltr'>mei</span> <span class='ocrx_word' id='word_1_236' title='bbox 1557 1807 1629 1838; x_wconf 88' lang='lat' dir='ltr'>pre-</span> 
     </span>
     <span class='ocr_line' id='line_1_23' title="bbox 173 1863 1627 1906; baseline 0.001 -11"><span class='ocrx_word' id='word_1_237' title='bbox 173 1864 257 1895; x_wconf 87' lang='lat' dir='ltr'>dicto</span> <span class='ocrx_word' id='word_1_238' title='bbox 268 1863 461 1896; x_wconf 72' lang='lat' dir='ltr'>WxLLELMo</span> <span class='ocrx_word' id='word_1_239' title='bbox 471 1867 502 1895; x_wconf 88' lang='lat' dir='ltr'>et</span> <span class='ocrx_word' id='word_1_240' title='bbox 519 1863 686 1896; x_wconf 74' lang='lat' dir='ltr'>heredibus</span> <span class='ocrx_word' id='word_1_241' title='bbox 696 1876 732 1895; x_wconf 78' lang='lat' dir='ltr'>ae</span> <span class='ocrx_word' id='word_1_242' title='bbox 747 1864 917 1906; x_wconf 85' lang='lat' dir='ltr'>assignatis</span> <span class='ocrx_word' id='word_1_243' title='bbox 927 1864 992 1895; x_wconf 90' lang='lat' dir='ltr'>suis</span> <span class='ocrx_word' id='word_1_244' title='bbox 1007 1864 1208 1897; x_wconf 74' lang='lat' dir='ltr'>inveniemus</span> <span class='ocrx_word' id='word_1_245' title='bbox 1217 1864 1301 1896; x_wconf 86' lang='lat' dir='ltr'>viam</span> <span class='ocrx_word' id='word_1_246' title='bbox 1317 1865 1358 1896; x_wconf 86' lang='lat' dir='ltr'>ad</span> <span class='ocrx_word' id='word_1_247' title='bbox 1373 1864 1547 1906; x_wconf 81' lang='lat' dir='ltr'>predictam</span> <span class='ocrx_word' id='word_1_248' title='bbox 1563 1864 1627 1906; x_wconf 75' lang='lat' dir='ltr'>(sic)</span> 
     </span>
     <span class='ocr_line' id='line_1_24' title="bbox 172 1931 1627 1975; baseline 0.001 -12"><span class='ocrx_word' id='word_1_249' title='bbox 172 1931 294 1963; x_wconf 75' lang='lat' dir='ltr'>fontem</span> <span class='ocrx_word' id='word_1_250' title='bbox 307 1935 337 1964; x_wconf 90' lang='lat' dir='ltr'>et</span> <span class='ocrx_word' id='word_1_251' title='bbox 353 1932 395 1963; x_wconf 92' lang='lat' dir='ltr'>ad</span> <span class='ocrx_word' id='word_1_252' title='bbox 411 1932 567 1974; x_wconf 83' lang='lat' dir='ltr'>predictas</span> <span class='ocrx_word' id='word_1_253' title='bbox 583 1935 719 1973; x_wconf 87' lang='lat' dir='ltr'>quatuor</span> <span class='ocrx_word' id='word_1_254' title='bbox 732 1932 872 1974; x_wconf 80' lang='lat' dir='ltr'>virgatas</span> <span class='ocrx_word' id='word_1_255' title='bbox 883 1935 965 1963; x_wconf 89' lang='lat' dir='ltr'>terre</span> <span class='ocrx_word' id='word_1_256' title='bbox 982 1943 1180 1974; x_wconf 84' lang='lat' dir='ltr'>quocumque</span> <span class='ocrx_word' id='word_1_257' title='bbox 1192 1935 1333 1974; x_wconf 86' lang='lat' dir='ltr'>tempore</span> <span class='ocrx_word' id='word_1_258' title='bbox 1350 1932 1536 1975; x_wconf 83' lang='lat' dir='ltr'>placuerint.</span> <span class='ocrx_word' id='word_1_259' title='bbox 1581 1932 1627 1965; x_wconf 79' lang='lat' dir='ltr'>Et</span> 
     </span>
     <span class='ocr_line' id='line_1_25' title="bbox 171 1999 1629 2043; baseline 0.001 -12"><span class='ocrx_word' id='word_1_260' title='bbox 171 2011 230 2042; x_wconf 85' lang='lat' dir='ltr'>ego</span> <span class='ocrx_word' id='word_1_261' title='bbox 253 2000 356 2031; x_wconf 79' lang='lat' dir='ltr'>dietus</span> <span class='ocrx_word' id='word_1_262' title='bbox 382 1999 551 2031; x_wconf 66' lang='lat' dir='ltr'>Nmomcs</span> <span class='ocrx_word' id='word_1_263' title='bbox 574 2002 606 2032; x_wconf 88' lang='lat' dir='ltr'>et</span> <span class='ocrx_word' id='word_1_264' title='bbox 628 2000 758 2031; x_wconf 88' lang='lat' dir='ltr'>heredes</span> <span class='ocrx_word' id='word_1_265' title='bbox 781 2000 844 2031; x_wconf 90' lang='lat' dir='ltr'>mei</span> <span class='ocrx_word' id='word_1_266' title='bbox 869 2011 923 2031; x_wconf 75' lang='lat' dir='ltr'>seu</span> <span class='ocrx_word' id='word_1_267' title='bbox 947 2000 1100 2042; x_wconf 85' lang='lat' dir='ltr'>assignati</span> <span class='ocrx_word' id='word_1_268' title='bbox 1125 2000 1188 2032; x_wconf 88' lang='lat' dir='ltr'>mei</span> <span class='ocrx_word' id='word_1_269' title='bbox 1215 2000 1335 2032; x_wconf 82' lang='lat' dir='ltr'>dietum</span> <span class='ocrx_word' id='word_1_270' title='bbox 1361 2001 1574 2043; x_wconf 80' lang='lat' dir='ltr'>messuagium</span> <span class='ocrx_word' id='word_1_271' title='bbox 1596 2003 1629 2033; x_wconf 78' lang='lat' dir='ltr'>et</span> 
     </span>
     <span class='ocr_line' id='line_1_26' title="bbox 174 2068 1632 2111; baseline 0.001 -12"><span class='ocrx_word' id='word_1_272' title='bbox 174 2073 310 2110; x_wconf 88' lang='lat' dir='ltr'>quatuor</span> <span class='ocrx_word' id='word_1_273' title='bbox 334 2068 474 2110; x_wconf 85' lang='lat' dir='ltr'>virgatas</span> <span class='ocrx_word' id='word_1_274' title='bbox 504 2070 585 2099; x_wconf 87' lang='lat' dir='ltr'>terre</span> <span class='ocrx_word' id='word_1_275' title='bbox 616 2068 700 2100; x_wconf 84' lang='lat' dir='ltr'>dieto</span> <span class='ocrx_word' id='word_1_276' title='bbox 726 2068 918 2100; x_wconf 79' lang='lat' dir='ltr'>WILLELMO</span> <span class='ocrx_word' id='word_1_277' title='bbox 948 2070 980 2100; x_wconf 89' lang='lat' dir='ltr'>et</span> <span class='ocrx_word' id='word_1_278' title='bbox 1010 2068 1178 2100; x_wconf 85' lang='lat' dir='ltr'>heredibus</span> <span class='ocrx_word' id='word_1_279' title='bbox 1209 2068 1272 2100; x_wconf 89' lang='lat' dir='ltr'>suis</span> <span class='ocrx_word' id='word_1_280' title='bbox 1304 2080 1339 2100; x_wconf 82' lang='lat' dir='ltr'>ae</span> <span class='ocrx_word' id='word_1_281' title='bbox 1369 2068 1538 2111; x_wconf 85' lang='lat' dir='ltr'>assignatis</span> <span class='ocrx_word' id='word_1_282' title='bbox 1567 2069 1632 2101; x_wconf 82' lang='lat' dir='ltr'>suis</span> 
     </span>
     <span class='ocr_line' id='line_1_27' title="bbox 175 2135 1632 2178; baseline 0.001 -11"><span class='ocrx_word' id='word_1_283' title='bbox 175 2139 283 2167; x_wconf 80' lang='lat' dir='ltr'>contra</span> <span class='ocrx_word' id='word_1_284' title='bbox 305 2147 413 2167; x_wconf 88' lang='lat' dir='ltr'>omues</span> <span class='ocrx_word' id='word_1_285' title='bbox 434 2135 578 2167; x_wconf 88' lang='lat' dir='ltr'>homines</span> <span class='ocrx_word' id='word_1_286' title='bbox 600 2138 632 2168; x_wconf 91' lang='lat' dir='ltr'>et</span> <span class='ocrx_word' id='word_1_287' title='bbox 650 2136 787 2167; x_wconf 84' lang='lat' dir='ltr'>feminas</span> <span class='ocrx_word' id='word_1_288' title='bbox 808 2135 1084 2168; x_wconf 83' lang='lat' dir='ltr'>warantizabimus</span> <span class='ocrx_word' id='word_1_289' title='bbox 1105 2136 1356 2178; x_wconf 83' lang='lat' dir='ltr'>acquietabimus</span> <span class='ocrx_word' id='word_1_290' title='bbox 1375 2138 1407 2168; x_wconf 86' lang='lat' dir='ltr'>et</span> <span class='ocrx_word' id='word_1_291' title='bbox 1425 2136 1632 2169; x_wconf 79' lang='lat' dir='ltr'>defendemus</span> 
     </span>
     <span class='ocr_line' id='line_1_28' title="bbox 174 2203 1631 2246; baseline 0.001 -11"><span class='ocrx_word' id='word_1_292' title='bbox 174 2204 409 2245; x_wconf 86' lang='lat' dir='ltr'>imperpetuum</span> <span class='ocrx_word' id='word_1_293' title='bbox 427 2229 433 2235; x_wconf 88' lang='lat'>.</span> <span class='ocrx_word' id='word_1_294' title='bbox 451 2215 508 2245; x_wconf 88' lang='lat' dir='ltr'>pro</span> <span class='ocrx_word' id='word_1_295' title='bbox 524 2203 583 2236; x_wconf 86' lang='lat' dir='ltr'>hae</span> <span class='ocrx_word' id='word_1_296' title='bbox 598 2207 706 2236; x_wconf 85' lang='lat' dir='ltr'>autem</span> <span class='ocrx_word' id='word_1_297' title='bbox 721 2204 894 2236; x_wconf 73' lang='lat' dir='ltr'>donacione</span> <span class='ocrx_word' id='word_1_298' title='bbox 914 2215 985 2235; x_wconf 85' lang='lat' dir='ltr'>mea</span> <span class='ocrx_word' id='word_1_299' title='bbox 1008 2203 1204 2236; x_wconf 84' lang='lat' dir='ltr'>concessione</span> <span class='ocrx_word' id='word_1_300' title='bbox 1226 2206 1258 2235; x_wconf 87' lang='lat' dir='ltr'>et</span> <span class='ocrx_word' id='word_1_301' title='bbox 1276 2204 1430 2246; x_wconf 81' lang='lat' dir='ltr'>presentis</span> <span class='ocrx_word' id='word_1_302' title='bbox 1453 2206 1537 2236; x_wconf 86' lang='lat' dir='ltr'>carte</span> <span class='ocrx_word' id='word_1_303' title='bbox 1559 2215 1631 2236; x_wconf 80' lang='lat' dir='ltr'>mea</span> 
     </span>
    </p>
   </div>
   <div class='ocr_carea' id='block_1_6' title="bbox 174 2271 1631 2314">
    <p class='ocr_par' dir='ltr' id='par_1_6' title="bbox 174 2271 1631 2314">
     <span class='ocr_line' id='line_1_29' title="bbox 174 2271 1631 2314; baseline 0.001 -11"><span class='ocrx_word' id='word_1_304' title='bbox 174 2272 414 2303; x_wconf 79' lang='lat' dir='ltr'>confirmacione</span> <span class='ocrx_word' id='word_1_305' title='bbox 438 2272 527 2303; x_wconf 87' lang='lat' dir='ltr'>dedit</span> <span class='ocrx_word' id='word_1_306' title='bbox 550 2271 646 2303; x_wconf 86' lang='lat' dir='ltr'>michi</span> <span class='ocrx_word' id='word_1_307' title='bbox 672 2272 757 2304; x_wconf 85' lang='lat' dir='ltr'>dicto</span> <span class='ocrx_word' id='word_1_308' title='bbox 780 2271 974 2304; x_wconf 75' lang='lat' dir='ltr'>W1LLELMO</span> <span class='ocrx_word' id='word_1_309' title='bbox 1001 2271 1111 2303; x_wconf 70' lang='lat' dir='ltr'>Tnmu</span> <span class='ocrx_word' id='word_1_310' title='bbox 1137 2272 1245 2303; x_wconf 86' lang='lat' dir='ltr'>decem</span> <span class='ocrx_word' id='word_1_311' title='bbox 1267 2272 1382 2303; x_wconf 89' lang='lat' dir='ltr'>solidos</span> <span class='ocrx_word' id='word_1_312' title='bbox 1404 2271 1631 2314; x_wconf 86' lang='lat' dir='ltr'>sterlingorum</span> 
     </span>
    </p>
   </div>
  </div>
 </body>
</html>
