1820 2548
1535 208 1617 239 1089

193 373 331 404 quarum
361 374 460 395 unam
497 361 602 394 Huao
639 362 670 394 le
707 362 913 395 DESPENCER
941 363 1060 406 junior,
1091 364 1264 396 secundam
1291 363 1453 395 Romanus
1483 363 1662 395 DAMMORY

194 433 227 463 et
257 431 389 463 terciam
416 431 522 463 Huao
552 431 745 463 DAUDELEY
771 431 918 475 junio[1·]
951 432 1111 464 duxerant
1137 432 1170 463 iu
1198 443 1320 464 uxores.
1368 432 1450 464 Cum
1474 437 1583 464 autem
1607 432 1662 464 ille

194 499 300 532 HUGo
316 500 346 531 le
361 499 564 531 DESPENCER
578 499 808 542 paranimphus
824 503 904 532 esset
919 501 1004 543 regis
1020 503 1119 533 terras
1128 500 1286 533 dictorum
1303 500 1438 533 Romam
1452 504 1483 533 et
1500 500 1660 533 anoms

193 579 233 600 ex
253 568 343 611 regia
365 568 564 600 concessione
584 568 617 600 vi
637 567 813 601 abstulerat
833 569 924 611 quasi
939 569 1070 611 cupiens
1085 580 1195 601 omnes
1210 569 1374 611 porciones
1397 569 1496 601 trium
1517 580 1660 602 sororum

194 637 255 669 sibi
275 648 428 679 usurpare
449 639 481 669 et
502 637 546 669 sic
558 647 662 669 comes
678 636 881 669 GLovERmE
897 638 1003 670 vocan'
1018 637 1182 680 gliscebat.
1229 637 1318 670 Dicti
1333 637 1435 681 igitur
1451 638 1613 670 Roomzns
1629 642 1662 671 et

193 704 300 737 Huoo
331 705 489 737 auxilium
520 716 559 737 ex
587 705 794 747 magnatibus
823 706 915 749 regni
940 706 1115 748 pecierunt.
1161 705 1254 738 Tunc
1279 706 1467 738 UMFRIDUS
1497 707 1536 738 de
1566 707 1665 739 Rom<

194 785 298 807 eomes
328 774 538 806 HERFORDIE
570 773 732 806 Ronns
764 775 803 806 de
833 774 1024 807 MORTIMER
1055 775 1094 806 de
1125 774 1348 808 WmGEMoRE
1375 778 1408 807 et
1432 775 1594 808 Roomzns
1625 776 1665 808 de

195 842 336 874 CmRKE
364 843 540 875 avunculus
571 843 643 885 ejus
672 846 842 875 moverunt
872 855 904 875 se
935 855 1007 876 eum
1035 844 1177 876 exercitu
1202 855 1309 876 versus
1340 843 1457 876 soum
1488 843 1665 877 WALLIAM

195 911 421 954 ceperuntque
443 911 598 944 CAERDIF
619 911 793 944 CAEFILLY
813 914 846 944 et
869 912 948 944 alias
962 912 1056 944 villas
1079 924 1151 944 oum
1175 913 1296 953 castris,
1313 915 1413 944 terras
1428 924 1502 945 vero
1525 913 1663 945 duarum

193 992 338 1014 sororum
354 992 416 1023 que
428 980 502 1022 jure
518 980 711 1013 hereditario
727 981 928 1023 possiderant
943 983 1022 1013 tuno
1036 983 1163 1023 tempus
1178 981 1400 1021 restituebant,
1418 983 1476 1014 etc.

239 1051 275 1078 (l)
308 1049 451 1078 Tricassine,
471 1049 543 1071 Titus
562 1049 590 1071 D.
609 1049 736 1078 XX11.‚f.
754 1050 789 1071 ΕΗΔ
828 1050 862 1071 St.
883 1049 975 1078 Lupus,
994 1049 1085 1078 Bishop
1097 1050 1122 1071 of
1141 1049 1234 1078 Troyes
1253 1049 1400 1077 (Tricasses)
1418 1050 1479 1072 ΑΒ.
1496 1050 1547 1079 427,
1564 1050 1584 1072 is
1602 1050 1658 1072 here

202 1092 325 1115 intended.

239 1147 276 1175 (2)
308 1147 452 1175 Arthurum,
472 1146 502 1169 id.

829 1345 1036 1380 DCCCCIV.

193 1426 557 1460 CONFIRMATION
579 1427 645 1460 BY
671 1427 896 1460 ORISTINA
917 1426 1111 1471 [ALINQ
1133 1427 1403 1460 DAUGHTER
1427 1427 1486 1460 OF
1510 1428 1665 1461 DAVID

301 1495 366 1527 DE
392 1495 458 1528 LA
483 1495 626 1536 MORE,
658 1496 716 1529 ΤΟ
744 1496 948 1536 THOMAS,
976 1496 1064 1528 SON
1093 1496 1152 1528 OF
1182 1496 1404 1529 MAURICE
1428 1496 1663 1538 CLEMENT,

302 1564 362 1596 OF
398 1564 432 1596 A
468 1564 699 1597 BURGAGE
737 1565 792 1598 IN
831 1564 1048 1598 CARDIFF.

731 1646 904 1689 [MARGAM
928 1646 1123 1690 CHARTER]

1078 1730 1094 1760 l
1113 1728 1206 1760 MAR.
1255 1730 1296 1760 14
1311 1728 1407 1761 Enw.
1426 1728 1474 1761 II.
1524 1730 1616 1761 1321.

233 1808 343 1841 Sciant
355 1811 516 1851 presentes
532 1820 558 1840 e.
576 1808 599 1840 f.
617 1820 646 1850 q.
665 1820 691 1841 e.
709 1808 872 1841 Clusmim
888 1810 956 1842 filia
972 1810 1088 1842 Dum
1104 1810 1143 1842 de
1159 1810 1191 1841 lu
1206 1809 1310 1842 Mons
1323 1810 1398 1842 dedi
1410 1822 1434 1842 e.
1449 1822 1476 1842 e.
1489 1811 1520 1842 h.
1534 1823 1564 1853 p.
1577 1823 1601 1843 c.
1615 1823 1658 1844 m.

189 1877 373 1910 confirmavi
390 1876 517 1909 'I'HoME
540 1877 607 1909 filio
637 1877 807 1910 MAmucn
839 1878 1004 1910 Oreum-r
1033 1879 1073 1910 de
1103 1878 1305 1910 KAERDIVIA
1332 1890 1434 1911 unum
1464 1878 1659 1923 burgagium

189 1957 262 1978 cum
284 1945 487 1988 pertinentiis
509 1945 544 1977 in
568 1944 874 1978 ScmPMANSTRETE
897 1950 988 1979 extra
1010 1949 1136 1989 portam
1159 1947 1331 1979 australem
1348 1947 1422 1979 ville
1441 1948 1481 1980 de
1497 1947 1660 1981 Kimm-

188 2014 273 2056 quod
296 2014 331 2046 in
353 2014 558 2056 longitudine
579 2014 666 2056 jacet
688 2026 791 2046 unum
813 2018 910 2057 caput
925 2026 1034 2047 versus
1049 2016 1245 2048 occidentem
1268 2027 1362 2058 super
1381 2015 1462 2048 Τοῖ’
1479 2017 1569 2048 aliud
1585 2028 1658 2049 vero

188 2085 284 2124 eaput
307 2082 413 2114 tendit
435 2093 544 2114 versus
567 2083 723 2115 orientem
745 2095 840 2126 super
862 2083 968 2115 vicum
991 2084 1100 2127 regale
1122 2109 1128 2116 .
1147 2096 1185 2116 ex
1202 2088 1299 2126 -parte
1323 2096 1396 2116 vero
1420 2085 1552 2116 australi
1574 2085 1660 2128 jacet

187 2150 383 2194 burgagium
406 2151 492 2193 quod
515 2151 678 2193 quondam
701 2151 765 2183 fuit
788 2151 944 2184 Hr-:chr
967 2152 1028 2184 filii
1050 2151 1227 2184 STEPHANI
1253 2179 1259 2184 .
1285 2163 1324 2184 ex
1347 2156 1437 2195 parte
1459 2164 1531 2185 vero
1547 2153 1660 2186 boriali

184 2218 271 2261 jacet
292 2218 489 2261 burgagium
513 2219 678 2252 HAMONIS
700 2220 823 2252 Duom:
846 2221 885 2253 de
907 2220 996 2252 Axn.
1059 2220 1258 2252 Habendum
1282 2224 1313 2253 et
1336 2222 1513 2254 tenendum
1537 2222 1659 2255 dietum

187 2285 383 2329 burgagium
406 2299 479 2319 oum
501 2288 706 2330 pertinentiis
728 2289 814 2321 dioto
846 2288 971 2321 Tuom:
995 2292 1026 2321 et
1058 2288 1228 2322 heredibus
1251 2289 1316 2321 suis
1339 2289 1404 2322 sive
1427 2290 1600 2333 assignatis
1622 2291 1663 2323 de

343 2391 401 2418 GM
