1820 2548
226 234 307 265 1046

181 391 303 432 nliqm'd
318 390 399 431 juris
414 390 463 421 vel
480 389 591 421 elamei
607 389 750 420 deeetero
767 388 800 419 iu
814 387 907 419 dietis
922 387 1014 419 terris
1029 390 1061 419 et
1076 388 1266 419 tenementis
1281 388 1408 430 exigere
1428 387 1479 419 vel
1502 387 1637 420 clamare

180 457 331 490 debemus
354 469 410 489 nee
431 457 605 498 poterimus
628 459 672 487 set
697 467 752 497 per
771 467 898 497 presens
917 455 1069 497 seriptum
1088 455 1128 487 ab
1149 455 1235 487 omni
1257 455 1379 487 actione
1400 455 1497 487 simus
1519 455 1639 488 exclusi

181 526 425 568 imperpetuum.
472 525 516 556 Et
533 525 558 556 si
575 524 741 566 contingat
753 535 810 555 nos
826 523 876 555 vel
891 523 1021 555 heredes
1037 526 1159 556 nostros
1174 524 1224 555 vel
1240 524 1356 566 aliquis
1370 535 1428 566 per
1441 535 1499 556 nos
1514 524 1565 556 vel
1579 535 1636 566 pro

181 594 272 626 nobis
292 595 413 626 dietum
430 594 595 625 dominum
617 592 807 624 Rom-:nrum
828 591 959 623 heredes
977 603 1048 624 suos
1064 593 1113 623 vel
1135 592 1304 634 assignetis
1319 592 1369 623 vel
1385 592 1523 634 aliquem
1538 592 1637 624 alium

181 663 235 704 qui
266 663 348 694 dieta
381 664 564 694 tenementa
593 672 632 692 ex
663 660 880 702 assignaeione
911 660 1053 702 ejusdem
1083 660 1204 692 domini
1231 660 1383 692 Rossmm
1411 660 1461 692 vel
1484 660 1638 693 heredum

182 741 309 762 suorum
341 742 395 762 seu
426 730 658 771 assignatorum
690 728 829 760 tenuerit
859 728 891 759 in
921 739 1119 770 quacumque
1150 729 1237 760 ouria
1263 729 1459 770 implacitare
1486 755 1492 761 .
1521 731 1638 762 extunc

179 799 324 830 volumus
351 803 381 829 et
408 798 607 829 concedimus
633 797 718 838 quod
749 796 852 828 dictus
879 796 1026 828 dominus
1058 796 1238 827 Ronanus
1262 797 1313 828 vel
1343 797 1474 829 heredes
1503 797 1552 829 sui
1582 808 1637 829 seu

183 866 335 909 assignati
352 866 402 897 cui
418 866 466 897 vel
485 865 599 907 quibus
615 864 801 906 hujusmodi
816 864 970 906 placitum
986 875 1041 906 per
1059 875 1116 895 nos
1132 864 1230 896 fuerit
1244 867 1366 896 motum
1383 875 1439 896 seu
1452 864 1638 897 inchoatum

180 934 296 966 habeat
327 935 377 966 vel
407 933 546 965 habeant
576 934 615 964 de
645 933 737 964 bonis
774 933 889 965 nostris
919 933 1038 974 viginti
1067 932 1164 964 libras
1194 933 1420 975 sterlingorum
1442 933 1514 975 puri
1537 933 1638 966 debiti

179 1003 344 1035 solvendas
372 1003 475 1034 eidem
503 1002 632 1033 domino
661 1000 820 1032 Ronssmo
844 1000 1012 1032 heredibus
1037 1001 1100 1032 suis
1124 1001 1173 1033 vel
1200 1001 1369 1043 assignatis
1391 1001 1441 1032 vel
1463 1002 1637 1034 eorundem

176 1072 269 1104 certis
283 1072 451 1104 attornatis
466 1071 499 1102 in
516 1070 645 1103 ecelesia
660 1070 700 1102 B.
718 1070 764 1102 M.
783 1071 821 1101 de
843 1069 1071 1102 SWEYNESEYE
1094 1069 1180 1101 insta
1202 1070 1383 1111 proximum
1403 1081 1544 1102 mensem
1565 1072 1637 1112 post

179 1139 364 1181 hujusmodi
380 1139 446 1170 litis
469 1138 715 1170 inchoat-ionem.
762 1138 817 1169 Ad
833 1149 930 1179 quam
945 1137 1075 1179 quidem
1096 1138 1288 1169 solucionem
1310 1140 1418 1170 tenore
1440 1138 1638 1180 presencium

179 1207 358 1249 obligamus
373 1218 432 1239 nos
447 1212 479 1238 et
501 1206 631 1238 heredes
658 1209 781 1238 nostros
805 1217 841 1238 ao
862 1209 1043 1238 executores
1059 1208 1089 1237 et
1106 1206 1213 1238 omnia
1231 1205 1314 1237 bona
1330 1209 1438 1238 nostra
1452 1206 1583 1239 mobilia
1605 1209 1637 1240 et

179 1276 354 1308 immobilia
384 1275 493 1307 habita
525 1277 556 1306 et
586 1274 734 1306 habenda
758 1300 763 1306 .
789 1275 823 1306 in
845 1285 1042 1316 quorumque
1066 1285 1179 1306 manus
1202 1274 1389 1306 devenerint
1413 1298 1419 1304 .
1444 1275 1637 1308 districtioni

178 1344 301 1376 domini
318 1343 501 1376 Gon-nume
517 1346 547 1375 et
564 1343 695 1375 alterius
711 1343 938 1385 cujuscumque
954 1342 1075 1374 domini
1092 1368 1098 1374 .
1116 1343 1150 1374 in
1173 1342 1266 1385 cujus
1286 1343 1427 1375 dominio
1448 1343 1572 1375 inventi
1587 1344 1638 1376 vel

178 1412 308 1444 inventa
331 1412 486 1443 fuerimus
507 1411 557 1443 vel
581 1411 702 1442 fuerint
724 1413 759 1442 ut
783 1422 840 1442 nos
862 1411 982 1452 possint
1006 1410 1195 1452 distringere
1218 1421 1274 1452 per
1296 1411 1402 1443 omnia
1426 1411 1509 1443 bona
1530 1414 1639 1444 nostra

179 1480 338 1512 antedicta
376 1480 425 1511 vel
464 1491 519 1521 per
548 1479 831 1511 ineareeraeionem
860 1490 916 1520 pro
950 1478 1115 1510 voluntate
1145 1478 1222 1510 dieti
1252 1479 1373 1511 domini
1404 1479 1557 1512 ROBERTI
1587 1481 1639 1513 vel

174 1548 327 1580 heredum
343 1559 471 1580 suorum
487 1559 541 1579 seu
563 1548 797 1589 assignatorum
817 1547 916 1579 donee
937 1547 1040 1578 eidem
1062 1547 1112 1578 vel
1135 1547 1254 1578 eisdem
1273 1548 1312 1578 de
1335 1547 1478 1588 predicta
1499 1549 1634 1590 pecunia

180 1616 321 1658 plenarie
341 1616 437 1647 fuerit
459 1615 666 1647 satisfactum.
713 1615 754 1647 In
770 1615 863 1657 eujus
884 1615 929 1646 rei
947 1614 1165 1646 testimonium
1187 1614 1293 1656 sigilla
1314 1618 1421 1647 nostra
1440 1616 1639 1657 presentibus

180 1686 255 1715 sunt
279 1695 424 1725 appensa.
472 1683 549 1714 Hiis
579 1682 713 1714 testibus
740 1708 746 1713 .
775 1682 939 1714 JOHANNE
966 1682 1005 1713 de
1033 1681 1169 1713 PENm-:s
1193 1707 1200 1714 .
1226 1682 1378 1714 R-mARno
1401 1684 1440 1715 de
1469 1683 1606 1717 szmzs
1631 1709 1636 1714 .

181 1751 375 1784 W1LLELMO
391 1751 429 1783 de
445 1752 476 1783 la
491 1751 596 1782 MARE
613 1775 620 1782 .
639 1750 807 1782 Pfflmpo
823 1750 994 1782 SCORLAGE
1012 1775 1018 1781 .
1038 1749 1196 1781 Rossssmo
1212 1750 1347 1782 ΜΟΧΕΙ,1
1377 1777 1382 1782 .
1401 1753 1434 1783 et
1449 1751 1528 1783 aliis.

225 1820 347 1851 Datum
366 1820 452 1862 apud
473 1818 610 1850 Penes
630 1819 751 1851 decimo
770 1819 821 1850 die
842 1818 958 1850 mensis
979 1818 1093 1849 Marcii
1116 1829 1200 1849 anno
1222 1819 1314 1861 regni
1337 1818 1437 1861 Regis
1469 1819 1638 1852 EDWARDI

184 1888 240 1919 filii
256 1888 378 1920 domini
394 1887 562 1919 Enwmzm
579 1887 710 1918 deoimo.

227 1956 303 1988 Two
319 1956 409 1997 lump
425 1956 505 1987 seals
519 1955 553 1987 in
570 1955 665 1986 white
682 1966 762 1993 wax,
778 1954 873 1986 much
889 1954 1028 1986 defaced.

229 2025 256 2055 1.
303 2024 349 2055 St.
366 2023 453 2055 John
471 2022 626 2064 Baptist’s
641 2022 723 2054 head
738 2022 772 2053 in
788 2033 807 2053 a
823 2021 902 2053 dish.

700 2093 707 2107 ‘
725 2095 756 2127 -4-
785 2100 894 2121 CAPUD
918 2099 977 2120 1011
992 2113 1127 2121 ......

226 2162 255 2191 2.
302 2159 334 2191 A
351 2159 548 2191 fleur-de-lis.
596 2158 731 2200 Legend
747 2158 888 2191 defaced.

227 2227 448 2260 Endorsed—‘
463 2227 581 2261 Quieta
596 2227 729 2258 donacio
745 2227 783 2258 de
799 2225 925 2257 Reuroz
939 2225 973 2256 in
990 2225 1082 2257 feodo
1099 2225 1137 2256 de
1153 2224 1357 2257 Landemor.'

1142 2088 1150 2102 7

515 2295 551 2322 (1)
570 2295 591 2316 A
604 2294 697 2316 variant
711 2295 773 2316 form
785 2295 809 2316 of
822 2293 923 2315 Mamei
954 2293 997 2315 See
1011 2293 1052 2314 the
1063 2292 1191 2320 foregoing
1202 2292 1310 2314 Chai-ter.
