1820 2548
1536 141 1599 172 775

174 298 206 328 et
222 307 330 328 eorum
347 295 573 328 successoribus
589 298 694 327 totum
709 295 763 338 jus
778 298 810 327 et
826 296 982 327 clameum
997 296 1083 337 quod
1105 295 1203 327 habui
1219 295 1269 327 vel
1286 295 1401 327 habere
1422 297 1512 337 potui
1533 308 1587 328 seu
1606 297 1640 328 in

171 363 317 396 futurum
344 364 460 396 habere
483 367 592 406 potero
619 364 653 395 in
677 364 753 396 totis
776 364 867 395 terris
891 367 922 396 et
946 363 1193 405 possessionibus
1219 363 1259 396 ab
1284 365 1532 396 antecessoribus
1558 365 1636 397 meis

170 433 263 465 dictis
279 433 387 465 abbati
403 435 435 465 et
451 433 622 465 conventui
638 433 721 464 datis
736 432 874 464 venditis
890 436 921 464 et
937 433 1099 464 concessis.
1141 431 1312 464 Habendis
1327 434 1359 464 et
1375 433 1521 464 tenendis
1536 432 1635 465 libere

169 504 201 532 et
216 501 322 542 quiete
337 500 418 532 bene
433 503 465 532 et
481 501 514 532 in
530 512 606 542 pace
622 500 740 542 absque
756 500 822 532 una
837 500 1064 531 reclamacione
1080 502 1111 531 et
1127 500 1339 532 retinemento
1354 501 1418 532 mei
1434 503 1466 532 et
1480 501 1635 533 heredum

166 579 311 601 meorum
326 580 381 601 seu
397 569 632 611 assignatorum
652 569 887 610 inperpetuum.
934 568 979 600 Et
996 570 1032 600 ut
1047 569 1104 600 hec
1120 580 1191 600 mea
1207 569 1364 601 concessio
1380 570 1579 601 confirmacio
1603 573 1634 601 et

167 637 351 669 omnimoda
371 637 479 679 quieta
500 637 650 668 clamucio
671 639 738 668 tam
759 648 815 678 pro
839 648 889 669 me
911 648 1008 678 quam
1031 648 1086 678 pro
1101 636 1270 668 heredibus
1289 637 1368 669 meis
1389 649 1445 669 seu
1465 637 1635 679 assignatis

166 708 234 737 rate
264 705 327 737 siut
359 708 391 737 et
421 705 548 737 stabiles
578 705 805 747 inperpetuum
835 707 1013 747 presentem
1047 707 1167 737 cartam
1201 705 1300 747 sigilli
1337 706 1400 737 mei
1437 705 1633 747 inpressione

166 773 311 806 roboravi
334 777 365 806 et
388 774 582 806 confirmavi.
629 773 706 805 Hiis
728 773 863 805 testibus
888 799 893 804 .
919 773 941 806 J
943 784 1083 805 OHANNE
1106 774 1136 805 le
1160 774 1321 806 BOTELER
1344 775 1383 805 de
1406 774 1601 806 DONREUYN
1626 800 1632 806 .

165 842 342 874 anuvxo
358 844 396 874 de
413 842 564 874 Comma
583 854 745 874 AUSTRALI
759 842 964 875 JVHJAELMO
981 842 1158 874 AYLWARD
1172 842 1419 874 .MAUR1010de
1432 842 1611 874 CANTELor
1625 869 1629 874 .

165 910 330 943 JOHANNE
347 911 485 942 Panum
503 937 508 942 .
528 911 644 943 DAU1n
661 911 803 942 BENEYT
822 937 826 941 .
848 910 1020 943 WALTERO
1036 912 1076 942 de
1093 910 1220 942 Mmou
1236 914 1267 942 et
1283 911 1394 942 multis
1410 911 1490 942 aliis.

209 979 282 1011 Seal
305 980 339 1011 of
365 980 444 1011 <la-rk
467 991 563 1022 green
587 991 667 1018 wax,
692 992 733 1011 an
756 980 830 1012 inch
854 980 887 1011 in
915 980 1076 1011 diameter.
1126 979 1264 1018 Device;
1297 991 1316 1011 a
1341 982 1455 1011 rosette
1481 980 1514 1010 of
1541 979 1631 1021 eight

165 1049 286 1090 petals;
312 1060 415 1080 coarse
433 1049 529 1080 work.

208 1116 397 1159 Legend—‘
416 1122 447 1153 -4—
469 1128 484 1148 s
501 1143 507 1148 .
527 1127 683 1148 MAURICII
703 1142 708 1148 .
727 1116 915 1148 summus?

207 1184 429 1217 Endorsed—⁴
444 1185 620 1217 Mauricius
637 1185 796 1216 Gramus.’

322 1254 358 1279 (l)
372 1252 495 1280 Probxbly
507 1260 519 1273 n
533 1253 645 1275 different
659 1259 745 1280 per-*on
758 1254 819 1275 from
833 1253 873 1275 the
886 1253 991 1275 Mwurice
1004 1253 1109 1275 Gmmus
1121 1254 1146 1275 of
1163 1253 1203 1275 the
1217 1253 1347 1280 preceding
1360 1254 1474 1276 chirtffiw.

811 1420 980 1454 DCOVH.

163 1501 324 1534 GRANT
370 1501 434 1533 BY
475 1499 612 1540 JOHN,
655 1500 743 1533 SON
786 1500 845 1533 OF
887 1501 1137 1534 HOSEBERT
1183 1502 1242 1534 OF
1289 1502 1527 1542 KENEFEG,
1571 1503 1628 1536 TO

269 1569 423 1607 ALIOE,
469 1569 567 1601 THE
621 1569 846 1602 ‘FAMULA
891 1570 1131 1605 QUONDAM
1182 1571 1408 1604 INGLUSA’
1462 1572 1521 1603 OF
1566 1572 1627 1604 ST.

268 1637 418 1671 JAMES
460 1638 519 1670 OF
558 1637 795 1677 KENEFEG,
835 1638 894 1670 OF
931 1639 963 1671 A
1001 1639 1252 1672 MESSUAGE
1293 1640 1346 1672 IN
1389 1640 1625 1679 KENEFEG,

271 1706 459 1739 WITHIN
500 1706 562 1739 ST.
605 1706 791 1739 JAMES‘S
832 1707 1100 1740 CEMETERY.

697 1787 871 1830 [MARGAM
895 1789 1089 1832 CHARTER]

202 1868 327 1901 Notum
352 1868 392 1899 sit
419 1867 566 1899 omnibus
593 1868 774 1901 hominibus
798 1870 998 1911 presentibus
1025 1873 1056 1902 et
1081 1870 1198 1902 futuris
1223 1872 1308 1913 quod
1333 1883 1392 1913 ego
1415 1871 1620 1904 JOHANNES.

151 1938 237 1970 filius
253 1936 449 1968 Homssmm
467 1936 506 1967 de
523 1934 691 1967 Kampsa
708 1937 782 1969 dedi
798 1941 829 1969 et
846 1949 869 1971 c.
885 1944 917 1970 et
932 1939 962 1970 h.
978 1950 1008 1980 p.
1026 1950 1050 1971 c.
1070 1950 1110 1971 m.
1125 1940 1310 1971 confirmavi
1328 1965 1333 1971 .
1354 1940 1475 1971 Amcm
1492 1940 1612 1972 famule

155 2006 317 2049 quondam
341 2004 460 2035 incluse
487 2003 596 2035 Sancti
619 2003 738 2036 JAcom
762 2006 802 2037 de
828 2005 998 2038 KENEFEG
1026 2032 1032 2038 .
1057 2019 1158 2039 unum
1180 2008 1396 2050 messuagium
1420 2008 1453 2039 in
1479 2009 1555 2040 villa
1577 2010 1617 2040 de

155 2074 326 2107 KENEFEG
355 2098 361 2104 .
389 2072 486 2103 situm
518 2072 551 2104 in
582 2073 713 2104 australi
744 2078 835 2115 parte
865 2075 1011 2107 cimiterii
1041 2075 1151 2107 Sancti
1181 2075 1309 2108 JACOBI.
1358 2076 1556 2108 Habendum
1586 2080 1616 2109 et

154 2143 330 2175 tenendum
353 2143 392 2174 de
415 2153 464 2174 me
483 2144 515 2174 et
533 2141 703 2174 heredibus
723 2143 802 2174 meis
819 2169 825 2174 .
843 2143 903 2175 sibi
924 2147 955 2175 et
977 2143 1146 2176 heredibus
1161 2144 1226 2175 suis
1242 2145 1291 2176 vel
1307 2144 1477 2187 assignatis
1495 2170 1501 2177 .
1518 2145 1616 2178 libere

154 2214 186 2243 et
211 2211 340 2253 quiete.
358 2210 439 2242 bene
461 2213 492 2243 et
516 2210 550 2242 in
575 2221 651 2253 pace
675 2236 681 2242 .
707 2211 869 2244 reddendo
890 2214 998 2243 tamen
1023 2213 1098 2244 inde
1121 2212 1289 2244 annuatim
1312 2238 1318 2243 .
1343 2213 1412 2255 ipsa
1434 2215 1466 2245 et
1486 2214 1615 2246 heredes
