1820 2548
246 221 328 252 1062

826 463 1034 496 DCCCXCI.

203 555 363 588 GRANT
394 556 458 589 BY
488 556 614 589 JOHN
645 556 789 595 DAVY,
813 556 872 588 OF
902 556 1166 596 LANDIMOR,
1190 557 1247 590 ΤΟ
1278 558 1354 591 SIR
1386 558 1572 591 ROBERT
1594 558 1660 592 DE

308 624 502 664 PENRES,
526 624 646 664 KNT„
671 624 730 657 OF
753 624 885 657 LAND
908 625 971 658 AT
997 625 1262 658 LANHELEN
1286 625 1341 658 IN
1363 625 1462 658 THE
1485 626 1577 659 FEE
1599 626 1659 660 OF

307 692 571 725 LANDIMOR.

729 761 901 804 [MARGAM
925 760 1118 804 0111111011]

1051 844 1091 874 14
1113 842 1212 875 JULY.
1262 843 1300 875 13
1324 843 1419 875 Enw.
1444 843 1493 875 Π.
1540 844 1634 876 1319.

240 921 349 954 Sciant
365 934 395 964 p.
413 927 445 954 et
461 923 483 954 f.
501 923 586 964 quod
608 935 667 965 ego
688 923 868 955 Jomxxns
890 923 992 955 Davi(
1015 924 1054 954 de
1077 922 1264 955 LANDIMOR
1286 924 1360 955 dedi
1383 924 1519 956 concessi
1540 926 1573 956 et
1598 924 1658 957 hac

196 992 335 1033 presenti
350 996 435 1022 carta
450 1003 521 1023 mea
537 992 723 1023 confirmavi
744 991 873 1023 domino
895 991 1054 1023 Bonnam
1077 992 1117 1024 de
1139 991 1275 1023 anms
1297 992 1393 1024 militi
1416 995 1517 1024 totam
1539 995 1657 1025 terram

196 1071 300 1091 meam
316 1071 388 1091 011111
404 1059 550 1091 omnibus
565 1059 766 1091 libertatibus
782 1060 988 1101 eysiamentis
1010 1064 1041 1091 et
1063 1060 1267 1102 pertinenciis
1289 1060 1354 1092 suis
1377 1071 1474 1102 quam
1494 1061 1594 1093 habui
1616 1061 1656 1094 de

195 1129 279 1160 dono
295 1128 416 1159 domini
429 1127 615 1160 W1121AELM1
632 1129 671 1159 de
689 1127 855 1159 Bmzwom
867 1128 989 1159 domini
1006 1127 1189 1160 Gourmnuz
1205 1129 1291 1170 apud
1303 1128 1498 1160 Lamum<
1511 1129 1546 1160 in
1561 1129 1655 1162 feodo

195 1196 234 1227 (10
261 1195 448 1227 Lis-»mon
472 1207 528 1237 per
555 1196 681 1228 easdem
705 1199 806 1228 metas
829 1199 861 1228 et
883 1196 1007 1228 bundas
1031 1207 1087 1238 per
1107 1207 1186 1238 quas
1209 1196 1370 1228 Minocns.
1393 1208 1434 1238 ap
1457 1196 1564 1228 an)
1585 1208 1656 1229 eam

194 1264 308 1296 melius
335 1268 365 1295 et
389 1264 514 1306 plenius
537 1265 576 1295 de
599 1265 684 1296 dicto
707 1264 836 1296 domino
860 1264 1053 1296 WILLELMO
1080 1265 1119 1296 de
1142 1264 1309 1296 BREWOSA
1332 1265 1495 1306 quondam
1517 1265 1622 1297 tenuit
1645 1291 1652 1297 .

194 1335 324 1374 excepta
347 1343 411 1363 una
434 1344 505 1363 acra
528 1337 610 1364 terre
633 1331 752 1364 ibidem
775 1344 871 1374 quam
893 1332 1023 1364 vendidi
1045 1332 1170 1364 ΤΗΟΜΕ
1194 1332 1308 1364 ΒΟΒΟΤ
1329 1335 1403 1364 ante
1426 1333 1654 1366 confectionem

192 1400 346 1442 presentis
371 1403 464 1431 carte.
522 1400 568 1431 H.
597 1403 629 1431 et
655 1403 678 1431 t.
706 1403 808 1432 totam
834 1400 1009 1442 predictam
1035 1403 1153 1432 terram
1180 1411 1253 1432 cum
1280 1400 1427 1433 omnibus
1452 1400 1655 1434 libertatibus

193 1468 398 1509 aysiamentis
414 1474 444 1499 et
466 1468 669 1510 pertinenciis
691 1468 755 1500 suis
773 1470 905 1509 excepta
925 1479 997 1500 acra
1015 1470 1098 1500 terre
1116 1470 1290 1500 memorata
1312 1469 1351 1500 de
1374 1469 1502 1500 domino
1526 1469 1655 1511 capitali

193 1535 377 1568 Gormzmss
394 1540 423 1568 et
440 1536 609 1568 heredibus
625 1536 689 1568 suis
705 1536 828 1578 prefato
845 1536 974 1568 domino
991 1535 1149 1567 Romam
1165 1535 1334 1568 heredibus
1349 1537 1414 1568 suis
1429 1539 1460 1568 01
1473 1537 1651 1579 assignatis,

193 1605 226 1636 in
242 1605 313 1647 lege
329 1605 533 1636 Ain-ommi
550 1603 647 1636 libere
671 1604 777 1646 quiete
793 1604 873 1636 bene
889 1608 918 1635 et
942 1604 976 1635 in
992 1615 1068 1646 pace
1090 1604 1162 1645 jure
1184 1603 1373 1636 hereditario
1396 1604 1430 1636 in
1453 1608 1651 1647 perpetuum.

194 1673 371 1705 Reddendo
386 1673 460 1704 inde
476 1673 644 1705 annuatim
660 1673 790 1704 domino
805 1672 934 1714 capitali
956 1672 1139 1704 Gonnmmz
1162 1676 1194 1703 et
1217 1671 1386 1705 heredibus
1408 1673 1472 1705 suis
1492 1673 1654 1715 predictus

196 1742 344 1772 dominus
368 1740 547 1772 Rosnnrcs
570 1741 701 1773 heredes
724 1742 772 1772 sui
795 1743 826 1772 et
849 1740 1003 1783 assignati
1026 1752 1128 1772 unum
1151 1741 1317 1772 denarium
1338 1741 1464 1783 argenti
1479 1741 1520 1773 ad
1533 1741 1652 1775 festum

192 1808 301 1840 Sancti
326 1808 520 1840 MlcuAELls
546 1820 602 1851 pro
630 1809 777 1841 omnibus
801 1809 939 1840 serviciis
965 1808 1157 1840 secularibus
1180 1809 1398 1840 exactionibus
1421 1812 1454 1841 et
1475 1809 1649 1842 domandis.

192 1877 237 1909 Et
253 1887 313 1918 ego
329 1888 402 1908 vero
417 1877 578 1918 predictus
593 1876 615 1908 J
618 1887 773 1908 OHANNES
788 1876 918 1909 heredes
932 1877 995 1908 mei
1011 1880 1042 1908 et
1057 1876 1212 1918 assignati
1227 1879 1328 1909 totam
1343 1877 1518 1919 predictam
1533 1880 1651 1910 terram

192 1956 263 1977 011111
286 1944 433 1976 omnibus
454 1944 655 1977 libertatibus
683 1945 889 1986 aysiamentis
919 1948 951 1976 et
979 1945 1183 1986 pertinenciis
1213 1945 1278 1977 suis
1307 1950 1438 1987 excepta
1467 1957 1539 1977 acra
1569 1947 1652 1978 terre

192 2013 352 2044 antedicta
374 2013 498 2054 prefato
521 2014 651 2045 domino
684 2013 842 2045 Romam
872 2013 1042 2045 heredibus
1072 2013 1136 2044 suis
1158 2016 1189 2044 et
1212 2013 1382 2055 assignatis
1411 2016 1521 2045 contra
1542 2024 1652 2046 omnes

191 2084 303 2123 gentes
318 2080 594 2112 warantizabimus
609 2084 641 2112 et
657 2081 865 2112 defendemus
880 2081 914 2112 in
936 2083 1135 2122 perpetuum.
1182 2080 1245 2113 Pro
1267 2081 1327 2113 hac
1349 2084 1456 2112 autem
1478 2081 1651 2114 domnione

191 2149 388 2181 concessione
414 2153 446 2180 et
468 2148 568 2190 hujus
590 2149 744 2191 presentis
767 2152 850 2181 carte
874 2149 1114 2181 confirmacione
1141 2149 1231 2181 dedit
1255 2149 1352 2181 michi
1378 2149 1482 2181 dietus
1503 2149 1651 2182 dominus

192 2217 370 2249 Rogemus
402 2228 456 2248 sex
492 2228 612 2249 marcas
642 2217 769 2259 argenti
798 2217 1010 2259 prema-nibus.
1066 2217 1108 2248 In
1133 2217 1225 2259 cujus
1253 2217 1299 2249 rei
1328 2217 1546 2249 testimonium
1568 2217 1651 2250 hanc

188 2287 367 2327 presentem
383 2288 502 2316 cartam
523 2285 622 2326 sigilli
636 2286 700 2316 mei
715 2285 920 2327 impressione
934 2284 1088 2317 roboravi.
1134 2284 1211 2316 Hiis
1226 2284 1360 2317 testibus
1376 2310 1383 2316 .
1401 2284 1594 2317 Wmmao
1609 2285 1648 2318 de
