1820 2548
1578 180 1640 211 933

219 333 260 366 ab
281 333 453 367 Wamuor
476 359 482 366 .
500 334 694 367 WILLELMO
716 333 880 366 monachis
902 359 908 365 .
932 333 1083 366 HUGONE
1103 359 1110 366 .
1132 333 1275 366 Rmmno
1292 359 1299 366 .
1316 333 1425 367 Espus
1441 360 1449 367 .
1467 336 1623 367 conversis
1645 336 1685 368 de

220 402 375 435 MARGAN
393 429 399 434 .
418 405 450 434 et
464 403 575 434 multis
591 402 671 434 aliis.

265 471 348 511 Seal,
365 483 463 514 green
477 482 559 511 wax,
575 471 707 513 pointed
727 470 809 509 oval,
826 470 1003 513 imperfect,
1022 471 1107 512 lssin.
1124 471 1169 513 by
1186 471 1250 513 gin.
1296 471 1329 503 A
1350 472 1464 504 seeded
1485 472 1685 510 fleur-de-lis‚

220 540 375 579 inverted,
392 539 534 572 between
550 542 613 571 two
629 539 836 582 quincunxes.

635 611 643 625 ‘
659 613 691 644 -4-
711 619 800 640 SIGIL
816 631 1004 640 ........
1023 619 1126 640 EYLIN
1144 633 1151 640 .
1169 608 1281 640 PREN.'

266 677 336 710 The
351 676 443 709 other
458 677 522 708 scal
537 676 692 719 wanting.

265 745 487 778 Endorsed—‘
499 744 595 777 Carta
616 744 731 777 Heilin
755 745 840 776 Pren
863 748 896 777 et
918 745 1037 777 Leulin
1061 745 1139 777 Hen
1157 771 1162 777 .
1181 746 1220 778 de
1243 756 1307 778 xm.
1331 745 1452 785 acris’3
1477 747 1542 778 and
1563 747 1687 778 later-

223 817 230 831 ‘
243 814 328 847 inter
342 825 465 847 moram
480 814 520 846 de
535 813 674 846 Stoi-mie
690 816 722 846 et
738 812 877 856 Cornely
893 813 1041 846 Downe.'

847 1051 1065 1084 DCCCXXI.

222 1133 506 1170 QUIT-OLAIM
532 1133 598 1166 BY
621 1133 850 1166 YORVARD
878 1132 972 1165 COH
1000 1133 1059 1165 OF
1082 1132 1213 1165 LAND
1241 1133 1479 1166 BETWEEN
1506 1134 1690 1167 GAT-PIT

407 1202 509 1235 AND
548 1200 755 1235 GRAMUS’
795 1201 938 1240 LAND,
977 1201 1035 1233 TO
1074 1201 1284 1234 MARGAM
1321 1201 1495 1235 ABBEY.

759 1282 932 1325 [MARGAM
956 1282 1150 1324 CHARTER]

262 1365 434 1398 Universis
450 1365 592 1398 Cmusn
608 1364 631 1396 f.
649 1375 680 1406 p.
697 1375 720 1395 s.
738 1375 767 1396 v.
785 1366 817 1396 et
833 1375 862 1396 a.
878 1363 1057 1396 YORVARD’
1075 1363 1147 1396 Con
1164 1364 1300 1396 salutem
1316 1364 1351 1396 in
1366 1364 1517 1397 Domino.

262 1433 422 1466 Noverint
437 1433 628 1465 universitas
642 1435 747 1464 vestra
763 1433 849 1475 quod
865 1443 925 1474 ego
942 1432 1072 1464 consilio
1089 1435 1121 1464 et
1137 1443 1290 1464 consensu
1311 1433 1452 1465 MEURm
1472 1458 1480 1465 .
1503 1433 1659 1466 Low-Ami
1678 1460 1684 1466 .

217 1505 250 1535 et
272 1502 442 1535 Yomumn
458 1502 596 1534 filiorum
618 1512 761 1533 meorum
777 1504 808 1533 et
824 1501 979 1532 heredum
996 1503 1027 1533 et
1044 1501 1179 1532 aliorum
1196 1501 1371 1533 amicorum
1386 1512 1531 1534 meorum
1547 1502 1684 1535 concessi

218 1573 250 1603 et
265 1570 391 1612 quitum
407 1570 543 1602 clamavi
559 1573 592 1602 et
607 1569 754 1612 abjuravi
770 1572 802 1602 et
822 1569 881 1601 hae
896 1570 1036 1611 presenti
1053 1572 1140 1600 carta
1163 1569 1347 1601 confirmavi
1371 1569 1412 1601 D.
1431 1572 1463 1602 et
1479 1581 1504 1601 e.
1522 1569 1562 1601 B.
1580 1570 1626 1602 M.
1644 1571 1683 1603 de

217 1639 264 1671 M.
289 1642 320 1671 et
343 1650 385 1670 m.
409 1638 430 1669 i.
454 1638 497 1670 D.
521 1649 545 1670 s.
569 1641 674 1670 totum
696 1638 750 1680 jus
772 1640 804 1670 et
826 1640 931 1670 totum
954 1637 1104 1670 clamium
1126 1648 1232 1669 meum
1257 1638 1342 1680 quod
1357 1637 1456 1670 habui
1471 1638 1505 1670 in
1521 1642 1605 1670 terra
1621 1650 1682 1681 que

216 1708 300 1751 jacet
322 1708 407 1739 inter
430 1706 540 1738 CA'rrE
564 1706 669 1738 1³11er
693 1710 723 1738 et
746 1712 863 1739 terram
888 1706 1032 1739 Gnnurs
1057 1732 1063 1738 .
1088 1711 1118 1738 et
1142 1706 1227 1738 inter
1250 1717 1366 1748 aquam
1391 1707 1430 1738 ‹lc
1455 1706 1625 1739 KENEFEG
1650 1710 1681 1740 et

215 1787 368 1819 magnam
384 1775 469 1807 viam
485 1786 547 1817 que
562 1775 650 1807 vadit
667 1776 705 1807 de
722 1775 773 1807 LA
791 1775 905 1807 Rxamz
921 1786 1028 1807 versus
1045 1775 1215 1807 KENEFEG
1241 1800 1248 1807 .
1272 1778 1309 1807 ut
1331 1775 1471 1807 habeant
1494 1778 1526 1808 et
1549 1779 1679 1809 teneant

215 1845 292 1877 dicti
308 1843 455 1876 monachi
471 1843 590 1875 dietam
605 1846 721 1875 terram
737 1843 835 1875 libere
851 1844 957 1885 quiete
974 1847 1004 1875 et
1016 1843 1145 1886 pacifice
1160 1854 1217 1885 pro
1233 1854 1284 1875 me
1300 1847 1331 1875 et
1347 1843 1495 1875 omnibus
1510 1843 1680 1877 heredibus

213 1913 292 1945 meis
307 1912 362 1954 qui
379 1915 452 1944 sunt
469 1912 519 1943 vel
535 1915 629 1944 erunt
646 1937 652 1943 .
671 1911 751 1943 sicut
766 1911 833 1943 ulla
856 1911 1027 1943 elemosina
1052 1911 1100 1942 vel
1123 1911 1227 1943 ullum
1249 1914 1469 1943 tenementum
1493 1911 1623 1943 liberius
1646 1915 1677 1944 et

213 1982 352 2024 quietius
376 1980 484 2013 haberi
513 1983 615 2022 potest
643 1981 693 2012 vel
717 1980 828 2012 teneri.
887 1980 932 2011 Et
956 1980 1119 2011 sciendum
1141 1980 1226 2021 quod
1250 1991 1310 2022 ego
1333 1982 1363 2011 et
1383 1980 1517 2021 predicti
1538 1980 1596 2011 filii
1615 1980 1677 2012 mei

212 2050 412 2082 afficlavimus
428 2052 458 2081 et
475 2060 568 2091 super
584 2052 780 2081 sacrosancta
795 2049 922 2081 ecclesie
939 2050 977 2080 de
1000 2048 1153 2080 Minoa
1177 2048 1356 2091 juravimus
1380 2049 1464 2090 quod
1487 2048 1581 2080 istam
1605 2060 1676 2080 eon-

211 2118 383 2150 cessionem
408 2124 438 2149 et
465 2117 588 2159 quitam
615 2116 838 2148 clamationem
865 2117 1001 2148 fideliter
1026 2124 1057 2147 c:
1088 2116 1155 2148 sine
1185 2116 1258 2148 dolo
1287 2115 1483 2147 servabimus
1510 2121 1541 2147 et
1568 2122 1677 2147 contra

211 2197 320 2219 omnes
342 2186 487 2217 homines
510 2185 603 2217 dietis
628 2185 792 2217 monachis
815 2184 1094 2216 warantizabimus
1116 2184 1149 2216 in
1174 2189 1370 2226 perpetuam.
1419 2183 1495 2215 Hiis
1520 2184 1675 2216 testibus.

210 2254 382 2286 Moncho
398 2253 482 2285 ΚΑΜ
501 2279 506 2285 .
525 2253 665 2285 Mat-mc
688 2253 728 2285 ab
751 2253 874 2285 WiLm
898 2256 975 2285 tunc
998 2251 1230 2285 constabulario
1248 2278 1254 2284 .
1274 2252 1363 2284 Raso
1386 2252 1459 2283 Con
1478 2278 1483 2284 .
1508 2252 1678 2284 Yonumu)
