1820 2548
1535 186 1599 216 717

169 340 359 373 Tenendum
389 344 421 373 et
446 340 628 373 habendam
657 341 777 372 dictam
808 343 926 372 terram
956 352 1029 372 cum
1059 341 1124 372 suis
1149 340 1354 382 pertinenciis
1380 344 1411 372 et
1438 341 1640 374 libertatibus

169 409 312 451 predicto
328 408 512 441 STEPHANO
525 412 557 440 et
572 408 637 440 suis
652 408 822 441 heredibus
834 409 884 440 vel
900 409 1070 452 assignatis
1082 412 1137 440 aut
1150 409 1328 451 cuicunque
1340 412 1371 441 et
1383 410 1638 453 quandocunque

170 488 240 510 eam
263 478 339 509 dare
355 477 491 509 vendere
513 477 621 520 legere
644 476 695 508 vel
718 477 826 518 aliquo
849 477 943 509 modo
966 477 1129 519 assignare
1153 477 1289 509 voluerit
1312 476 1410 509 libere
1433 478 1539 519 quiete
1555 478 1635 511 bene

169 549 201 578 et
230 546 264 578 in
295 557 371 588 pace
403 546 470 578 sine
501 545 589 578 omni
618 545 842 577 reclamatione
869 546 932 577 mei
964 548 1019 577 aut
1044 545 1198 577 heredum
1221 556 1365 577 meorum
1387 546 1632 588 imperpetuum.

168 613 348 646 Reddendo
370 616 402 645 et
417 613 564 645 faciendo
578 613 655 645 inde
677 613 846 645 annuatim
863 613 992 655 capitali
1007 613 1138 645 domino
1159 613 1247 645 feodi
1263 613 1408 645 debitum
1424 615 1586 646 redditum
1602 620 1633 647 et

171 682 339 715 servicium
356 683 543 714 consuetum
555 682 594 713 de
606 681 691 713 dicto
703 683 895 720 tenemento,
907 687 938 713 et
951 681 1092 713 Mxroxr
1102 682 1141 713 de
1152 681 1277 713 REGNY
1288 685 1320 714 et
1332 682 1501 714 heredibus
1512 683 1576 715 suis
1589 684 1638 716 vel

170 750 341 793 assignatis
362 761 466 782 unum
482 750 650 782 denarium
673 750 800 792 argenti
824 750 858 782 in
882 751 961 782 festo
977 749 1087 782 Sancti
1103 750 1299 782 MmHAELrs
1314 762 1372 793 pro
1395 752 1483 783 omni
1506 753 1636 784 servicio

169 819 303 852 seculari
325 818 490 851 exactione
505 821 537 850 et
560 819 730 850 demanda.
777 818 873 853 Quod
889 830 929 850 ne
946 819 979 850 in
1003 822 1165 861 posterum
1180 819 1350 851 devocetur
1362 820 1396 851 in
1413 819 1548 852 dubium
1563 821 1637 853 huic

170 887 310 930 presenti
333 887 449 929 scripto
472 887 617 929 sigillum
639 898 747 919 meum
770 898 836 918 una
858 898 931 918 cum
953 887 1060 929 sigillo
1080 887 1222 929 predicte
1236 888 1359 919 Amen:
1374 888 1485 920 matris
1501 900 1570 921 mee
1592 892 1639 921 est

170 966 356 998 appensum.
402 954 480 987 Hiis
502 954 637 987 testibus
661 981 667 986 .
693 954 868 987 WALTERO
892 955 931 987 de
955 955 1085 987 Rmexl
1104 980 1110 986 .
1136 954 1307 987 PHILIPPO
1323 955 1420 987 Pinx
1439 981 1444 987 .
1463 955 1640 989 WAirERo

171 1025 211 1057 de
237 1024 353 1056 cosin
381 1049 388 1055 .
416 1023 587 1056 Pmmpo
613 1023 783 1056 Tmmeon
811 1050 817 1055 .
846 1023 973 1055 Tama
996 1023 1115 1056 Loxeo
1141 1049 1147 1055 .
1172 1023 1351 1056 NICHOLAO
1374 1024 1413 1056 de
1437 1024 1607 1057 PENNARD
1632 1052 1637 1057 .

171 1092 328 1125 R1cARno
344 1092 515 1124 Rmfflom)
533 1118 539 1124 .
557 1091 718 1124 Rommo
734 1092 764 1124 le
781 1091 940 1124 FL-ssmsa
958 1117 964 1123 .
982 1095 1013 1124 et
1030 1092 1110 1124 81115.

217 1160 296 1193 Two
319 1160 412 1192 small
435 1160 515 1193 seals
537 1171 572 1192 85
593 1160 711 1192 before.
758 1159 828 1192 The
851 1161 966 1192 second
988 1160 1078 1192 bears
1102 1160 1137 1192 in
1160 1159 1225 1192 this
1247 1172 1317 1193 case
1339 1160 1394 1193 the
1418 1161 1479 1193 fun
1502 1162 1638 1205 legend:

175 1233 183 1247 ‘
199 1235 230 1265 -4—
253 1229 278 1259 s’
297 1254 302 1260 .
321 1239 396 1260 ΑΜΖ
414 1255 420 1260 .
439 1239 482 1260 DE
500 1254 506 1260 .
525 1228 751 1260 PROMBRVGE.’

831 1382 990 1415 DCLIX.

173 1464 323 1502 ADAM,
375 1463 463 1496 SON
517 1463 576 1495 OF
628 1463 796 1495 PHILIP
841 1463 1154 1499 ALEXANDER.
1203 1464 1511 1500 QUIT-CLAIMS
1563 1467 1644 1499 HIS

287 1531 462 1564 RIGHTS
505 1531 565 1564 OF
605 1531 738 1564 LAND
777 1531 832 1564 IN
873 1531 1108 1565 LANDOGH
1150 1533 1243 1565 FEE
1286 1533 1344 1565 TO
1386 1534 1538 1567 YSAAO
1579 1535 1643 1568 DE

285 1599 528 1632 LANDOGH.

673 1643 778 1686 [ADD.
803 1644 979 1682 ΟΗΑΒΤΕΒ,
1004 1644 1150 1687 24,273.]
1521 1647 1597 1680 S.D.

222 1711 332 1744 Sciant
353 1714 514 1753 presentes
529 1715 561 1744 et
576 1712 680 1744 futuri
695 1713 781 1754 quod
796 1723 857 1755 ego
871 1712 978 1744 Amn
995 1713 1080 1745 fflius
1095 1716 1127 1745 et
1142 1713 1232 1746 heres
1256 1713 1417 1746 Pmmm
1434 1715 1642 1749 ALEXAxnm

175 1780 215 1812 de
231 1778 401 1811 anoon
418 1791 546 1812 assensu
561 1783 593 1813 et
609 1781 774 1813 voluntate
789 1781 913 1814 Amcnz
930 1782 1042 1814 matris
1056 1793 1126 1814 mee
1143 1794 1178 1814 ac
1194 1787 1371 1825 spontanea
1389 1784 1554 1816 voluntate
1570 1797 1639 1818 mea

178 1849 253 1880 dedi
281 1848 416 1880 concessi
442 1852 472 1880 et
495 1849 732 1892 imperpetuum
759 1861 816 1892 pro
839 1860 891 1882 me
921 1854 952 1882 et
979 1850 1148 1882 heredibus
1173 1851 1253 1883 meis
1278 1852 1423 1893 quietum
1449 1852 1584 1885 clamavi
1611 1859 1643 1887 et

176 1917 316 1959 presenti
333 1915 448 1958 scripto
464 1917 649 1949 confirmavi
663 1917 777 1950 Ysiic
792 1918 832 1950 de
847 1917 1020 1950 hannon
1035 1930 1093 1961 pro
1109 1921 1230 1961 septem
1246 1920 1362 1952 solidos
1377 1925 1409 1952 et
1424 1932 1479 1953 sex
1495 1923 1642 1955 denarios

176 1985 423 2027 esterlingorum
446 1996 524 2026 quos
547 1984 627 2017 mihi
650 1988 682 2018 et
703 1986 800 2018 matri
823 1998 892 2019 mee
915 1987 1003 2019 dedit
1026 1987 1232 2030 premanibus
1246 1992 1351 2021 totum
1366 1989 1420 2031 jus
1435 1993 1467 2022 et
1490 1990 1641 2023 olamium

176 2053 263 2095 quod
286 2052 386 2084 habui
401 2052 452 2083 vel
475 2052 583 2094 aliquo
598 2054 693 2085 modo
716 2053 832 2086 habere
854 2055 946 2096 potui
968 2056 1091 2087 ratione
1114 2055 1301 2088 hereditatis
1322 2058 1455 2099 predicti
1480 2058 1641 2091 Pmmpm

175 2121 276 2164 patris
313 2121 376 2152 mei
407 2121 446 2152 de
485 2124 553 2152 tota
583 2123 667 2153 terra
705 2122 761 2153 ina
795 2133 867 2154 cum
905 2123 1109 2165 pertinenciis
1139 2126 1170 2156 et
1207 2123 1409 2157 libertatibus
1445 2126 1510 2157 suis
1547 2139 1644 2169 quam

174 2190 335 2232 predictus
380 2188 493 2221 YSAAC
538 2189 578 2221 de
624 2189 797 2222 LANDOGH
842 2194 930 2223 tenet
969 2192 1009 2223 de
1050 2192 1228 2224 hereditate
1271 2194 1435 2235 quondam
1473 2194 1640 2227 Wimmu

174 2257 283 2290 T1LLY
314 2257 465 2289 avunculi
491 2257 556 2289 mei
586 2257 645 2290 fflii
676 2258 886 2291 Amxmum
914 2260 954 2291 de
981 2259 1153 2292 Lim-noan
1184 2272 1280 2302 quam
1311 2260 1506 2294 WALTl-:Rt's
1537 2263 1644 2296 Tium
