1820 2548
1537 233 1615 264 1091

191 386 357 425 tenuisset,
382 398 417 418 ac
433 388 516 418 terre
531 386 586 417 ille
602 388 633 418 et
654 388 838 417 tenementa
863 386 956 417 certis
980 387 1020 418 de
1040 386 1141 418 causis
1167 386 1235 429 jam
1263 389 1355 429 capta
1377 387 1440 419 sint
1468 388 1501 419 in
1528 400 1660 421 manum

192 456 344 493 nostram,
361 454 496 486 velimus
511 454 615 486 eidem
631 453 753 485 Auem
769 454 854 496 quod
869 453 994 496 justum
1009 454 1107 486 fuerit
1122 454 1192 486 fieri
1218 455 1252 486 in
1270 455 1330 487 hac
1354 458 1454 497 parte,
1482 467 1540 488 nos
1565 467 1659 499 super

191 523 353 566 premissis
368 522 529 555 certiorari
545 522 687 554 volentes
702 521 763 554 tibi
778 522 971 565 precipimus
987 523 1083 565 quod,
1100 525 1132 555 et
1148 525 1206 555 oet.

233 592 327 624 Teste
357 603 408 624 me
438 592 506 634 ipso
536 592 623 634 apud
650 590 880 623 WARREWYK'
908 602 1019 623 xxm.
1046 592 1097 623 die
1128 591 1297 624 Februarii
1323 603 1409 624 anno
1439 593 1531 635 regni
1558 593 1659 625 nostri

190 661 305 704 quinto
329 660 460 693 decimo.
510 659 591 703 [Am.
618 659 730 702 1322]

1235 717 1297 749 Per
1313 717 1418 759 ipsum
1436 718 1569 760 Regem.

234 797 409 840 Inquisicio
424 800 582 829 terrarum
597 800 629 828 et
644 799 901 829 tenementomm
914 798 953 829 de
968 797 1084 840 quibus
1099 797 1121 829 J
1124 809 1282 830 OHANNES
1306 798 1427 830 Iwmm
1448 798 1512 830 fuit
1533 800 1659 832 seisitus

190 867 242 899 die
269 876 332 909 quo
359 865 447 904 obiit,
466 865 552 897 facta
576 876 682 897 coram
708 865 892 898 viceoomite
918 866 1150 898 HEREFORDIE
1166 868 1198 898 et
1213 866 1378 898 JOHANNE
1400 868 1439 899 de
1462 867 1656 900 LYNGAYNE

189 935 292 967 milite
308 934 395 966 fideli
410 934 533 966 domini
548 933 650 976 Regis
666 934 717 966 die
733 933 857 966 sabbati
872 934 1019 976 proxima
1035 937 1110 967 ante
1125 935 1245 967 festum
1260 935 1371 968 Sancti
1384 935 1556 968 GREGORII
1570 936 1658 979 Pape

191 1015 276 1036 anno
291 1003 383 1045 regni
399 1002 501 1045 Regis
516 1002 687 1034 EDWARm
704 1003 762 1034 filii
776 1003 877 1046 Regis
896 1003 1067 1035 EDWARDI
1084 1003 1332 1046 quintodecimo,
1349 1016 1406 1047 per
1423 1007 1657 1036 sacramentum

188 1072 336 1105 chARm
353 1072 392 1103 de
413 1071 632 1110 BchNDEN,
649 1071 784 1103 Roomu
807 1071 1035 1111 GOUTHMOND,
1052 1072 1129 1104 ΑΒΕ
1151 1073 1190 1104 de
1206 1072 1471 1112 MALMESHULL’,
1489 1073 1657 1105 GILBERTI

186 1141 348 1179 ΜΑΒΊὙΝ,
383 1140 571 1173 WILLELMI
602 1140 641 1171 de
678 1139 923 1179 Scourmmmss,
955 1141 1143 1173 WILLELMI
1174 1141 1402 1182 ΑΒΒΑΗΑΜΕΞ,
1430 1142 1584 1174 Hmmm
1618 1143 1657 1174 de

185 1209 406 1247 Bmmsnopss,
438 1208 625 1241 WILLELMI
657 1208 881 1248 Garamum,
908 1209 1029 1241 EGmu
1061 1209 1232 1249 ESEBERN,
1264 1209 1453 1242 wamma
1485 1211 1514 1242 le
1545 1210 1655 1250 Βκυτ,

187 1279 335 1311 ΒῙΟΑΗΒΙ
366 1279 405 1310 de
436 1277 592 1317 ΜΥΝΕκε,
623 1280 656 1309 et
687 1277 840 1309 HExmm
872 1277 1034 1310 Momscn.

233 1346 298 1382 Qui
325 1347 438 1378 dicunt
462 1357 519 1388 per
541 1357 651 1378 eorum
675 1348 909 1378 sacramentum
934 1347 1020 1389 quod
1045 1347 1068 1379 J
1070 1358 1228 1379 OHANNES
1250 1347 1372 1379 IWAYN
1397 1347 1569 1380 defunctus
1593 1348 1658 1380 fuit

186 1416 311 1448 seisitus
327 1415 378 1447 die
394 1426 457 1457 quo
473 1415 552 1447 obiit
567 1415 602 1446 in
618 1415 695 1446 vifla
711 1415 750 1446 de
767 1414 935 1447 WERHAM
953 1415 986 1447 in
1002 1415 1170 1448 hundredo
1186 1417 1225 1447 de
1243 1415 1525 1448 GRYMESWROSNE
1538 1418 1578 1449 de
1590 1429 1655 1449 uno

188 1484 352 1527 mesuagio
368 1495 441 1516 cum
456 1483 659 1526 pertinentiis
675 1483 908 1526 quaterviginti
931 1487 963 1515 et
988 1487 1110 1526 septem
1134 1485 1214 1516 acris
1239 1487 1322 1516 terre
1347 1485 1493 1517 arrabilis
1518 1488 1657 1527 quatuor

186 1553 267 1584 acris
290 1552 375 1594 prati
402 1554 434 1584 et
458 1563 523 1583 una
547 1552 656 1594 placea
682 1554 812 1594 pastino
837 1563 909 1584 cum
936 1552 1139 1594 pertinentiis
1169 1564 1230 1595 que
1254 1553 1364 1585 valent
1387 1565 1445 1595 per
1469 1565 1591 1585 annum
1620 1554 1655 1586 in

188 1620 336 1653 omnibus
352 1620 491 1652 exitibus
507 1620 722 1663 quadraginta
738 1623 770 1652 et
785 1632 888 1653 unum
904 1621 1020 1653 solidos
1036 1625 1066 1653 et
1083 1633 1137 1653 sex
1154 1622 1311 1654 denarios.

227 1689 352 1722 Dicunt
380 1688 480 1720 eciam
510 1689 596 1731 quod
622 1689 709 1720 idem
739 1689 761 1721 J
763 1700 921 1721 OHANNES
951 1689 1073 1722 Imm
1105 1690 1210 1722 tenuit
1235 1690 1380 1732 predicta
1406 1693 1590 1723 tenemento„
1614 1692 1653 1723 de

183 1758 329 1801 episcopo
360 1757 591 1789 HEREFORDOE
622 1758 656 1789 in
683 1758 777 1790 feodo
807 1760 840 1790 et
870 1770 935 1790 non
966 1759 1029 1791 alio
1060 1760 1164 1791 modo.

227 1826 351 1858 Dicunt
367 1826 464 1857 etiam
480 1827 565 1868 quod
582 1826 706 1858 Amen
722 1826 781 1858 filii
797 1826 984 1859 W1LLELM1
1003 1827 1148 1859 Romm
1163 1827 1302 1870 junioris
1316 1831 1417 1860 terras
1427 1830 1459 1860 et
1468 1831 1653 1861 tenementa

182 1895 324 1938 predicta
339 1898 410 1937 post
426 1896 561 1926 mortem
576 1894 711 1936 predicti
726 1895 911 1935 JOHANNIS,
928 1898 965 1928 ut
980 1896 1219 1939 consanguinea
1243 1900 1274 1929 et
1299 1897 1390 1928 heres
1416 1897 1487 1940 ejus
1510 1897 1653 1940 ingressa

181 1963 246 1995 fuit
261 1964 312 1995 die
329 1963 507 1996 Mx-:Rcmzn
523 1964 556 1995 in
574 1963 686 2005 vigilia
701 1963 906 1996 Ascensionis
921 1965 1045 1996 domini
1061 1977 1145 1997 anno
1164 1966 1257 2008 regni
1282 1965 1384 2009 Regis
1399 1965 1570 1998 EnwAnm
1594 1966 1652 1998 filii

182 2032 283 2074 Regis
298 2032 467 2064 Enwmzm
485 2032 722 2074 quartodecimo
737 2036 769 2064 et
785 2033 933 2065 seisinam
949 2044 1040 2065 suam
1056 2034 1131 2066 inde
1148 2034 1348 2066 continuavit
1364 2047 1383 2066 a
1398 2035 1450 2067 die
1475 2035 1651 2067 MERCURH

180 2101 322 2144 predicto
338 2113 438 2143 usque
453 2101 494 2133 ad
510 2100 596 2133 diem
611 2100 633 2133 J
635 2112 708 2132 ons
723 2101 902 2143 proximam
918 2104 990 2144 post
1012 2102 1131 2134 festum
1154 2102 1394 2135 Purificacionis
1414 2103 1507 2135 beato
1531 2103 1652 2135 MARIE

180 2181 264 2202 anno
279 2169 372 2212 regni
389 2168 490 2211 Regis
504 2156 675 2201 EnWAnm
692 2169 750 2200 filii
769 2169 868 2212 Regis
884 2169 1054 2202 Enwfflm
1071 2170 1318 2212 quintodecimo.

224 2237 348 2270 Dicunt
378 2237 476 2269 etiam
507 2238 593 2280 quod
623 2238 766 2280 predicta
795 2238 919 2270 Amch
951 2238 1159 2281 propinquior
1189 2239 1279 2271 heres
1309 2239 1443 2281 predis-ti
1479 2240 1501 2272 J
1503 2251 1653 2271 OHANNIS

179 2305 300 2338 ΙΨΑΥΝ
318 2308 366 2338 est
381 2306 464 2338 etde
480 2307 565 2338 etate
580 2305 722 2348 quinque
739 2317 907 2338 annorum.
