1820 2548
240 163 303 194 890

798 319 1053 353 DCCLXXJX.

191 397 352 431 GRANT
384 399 447 431 BY
479 398 697 432 WLLLIAM
729 399 1082 433 GHAMBERLAIN
1113 401 1172 433 01⁴*
1202 401 1301 434 THE
1332 401 1523 434 CHAPEL
1548 401 1653 434 AND·

299 466 585 500 HERMITAGE
610 467 669 500 OF
691 467 753 500 ST.
778 467 1034 501 MILBURGA
1056 469 1113 501 TO
1137 469 1345 502 MARGAM
1367 469 1540 502 ABBEY.

726 548 900 591 [MARGAM
924 548 1116 592 Omnem]

231 628 399 660 Universis
422 628 569 661 fidelibus
596 629 637 661 ad
659 640 737 671 quos
757 640 885 672 presens
908 630 1061 672 scriptum
1087 631 1267 672 pervenerit
1292 630 1507 663 Wanmmus
1534 630 1647 664 Omn-

187 707 310 728 RARIUS
326 696 462 728 salutem
477 699 619 728 eternam
635 697 668 728 in
686 696 838 729 Domino.

229 764 364 796 Noverit
388 765 578 796 universitas
608 768 712 797 vestra
743 766 827 807 quod
858 777 917 809 ego
944 777 1000 808 pro
1027 767 1128 799 salute
1154 767 1260 799 anime
1285 778 1355 798 mee
1382 769 1414 799 et
1440 767 1549 799 uxoris
1578 778 1650 800 mee

183 836 215 864 et
231 836 464 865 antecessorum
480 836 509 865 et
527 833 680 865 heredum
695 845 838 865 meorum
854 834 927 866 dedi
943 837 974 866 et
990 835 1127 867 conoessi
1143 838 1174 867 et
1190 835 1330 878 presenti
1355 837 1442 867 carta
1461 835 1647 868 confirmavi

183 901 252 934 Deo
283 904 315 933 et
345 913 388 934 ec.
420 901 453 934 S.
484 901 531 933 M.
564 902 603 933 de
630 901 783 934 MARGAN
815 904 848 934 et
876 913 918 934 m.
950 903 970 935 i.
1002 902 1044 935 D.
1076 903 1285 935 servientibus
1314 903 1349 935 in
1375 914 1490 946 puram
1512 903 1646 936 liberam

179 973 211 1002 et
227 974 413 1011 perpetuam
436 970 641 1001 elemosinam
662 969 909 1013 heremitagium
932 970 1048 1003 Sancte
1067 970 1254 1003 MILBURGE
1277 983 1349 1003 cum
1376 971 1445 1013 ipsa
1470 971 1592 1014 capella
1612 974 1644 1004 et

179 1038 327 1070 omnibus
342 1038 413 1070 aliis
429 1038 630 1080 pertinentiis
646 1038 711 1070 suis
723 1040 754 1070 et
769 1038 970 1071 libertatibus
985 1039 1019 1070 in
1035 1038 1126 1071 bosco
1142 1042 1173 1071 et
1189 1039 1285 1081 plano
1301 1039 1335 1071 in
1351 1039 1450 1082 pratis
1462 1041 1495 1072 et
1505 1040 1645 1082 pasturis

178 1107 212 1138 in
228 1107 319 1149 aquis
335 1110 367 1139 et
382 1107 514 1138 culturis
530 1112 560 1138 et
578 1106 725 1138 omnibus
743 1107 933 1139 asiameutis.
981 1107 1035 1139 Ita
1058 1108 1143 1149 quod
1168 1107 1244 1139 dicti
1272 1107 1419 1140 monachi
1444 1107 1585 1140 habeant
1609 1110 1642 1140 et

177 1179 309 1208 teneant
339 1176 461 1207 dietum
491 1174 738 1217 heremitagium
770 1187 841 1207 oum
873 1175 1020 1207 omnibus
1049 1175 1296 1217 possessionibus
1321 1178 1353 1208 et
1377 1176 1580 1218 pertinentiis
1605 1179 1639 1209 et

177 1243 380 1276 libertatibus
407 1244 471 1275 suis
498 1244 531 1275 111
563 1246 762 1286 perpetuum.
810 1243 855 1275 Et
885 1244 1048 1275 sciendum
1081 1244 1166 1286 quod
1196 1244 1274 1276 dicti
1299 1244 1447 1276 monachi
1474 1245 1642 1277 invenient

176 1313 376 1355 capellanum
393 1323 494 1344 unum
510 1312 658 1344 habitum
674 1312 893 1354 religiosorum
911 1314 1075 1354 gerentem
1091 1312 1155 1343 sive
1172 1312 1273 1344 alium
1288 1312 1344 1354 qui
1360 1312 1470 1344 divina
1494 1312 1529 1344 111
1556 1312 1641 1345 dieta

174 1381 296 1423 capella
312 1380 449 1413 celebret
467 1406 472 1412 .
492 1381 552 1412 nisi
569 1380 652 1412 forte
668 1381 707 1412 de
723 1380 853 1412 licentia.
868 1380 930 1411 mei
954 1380 1004 1412 vel
1028 1380 1181 1412 heredum
1207 1391 1350 1412 meorum
1377 1381 1514 1412 eundem
1539 1381 1639 1412 duxe-

175 1449 276 1481 rimus
305 1449 544 1481 remittendum.
592 1447 637 1480 Et
670 1450 705 1480 ut
730 1448 873 1490 predicta
902 1447 1063 1479 firmitatis
1081 1447 1177 1479 robur
1203 1447 1370 1490 optineant
1392 1448 1426 1479 in
1448 1452 1638 1490 perpetuum

175 1528 302 1559 presens
318 1517 471 1558 scriptum
487 1516 586 1558 sigilli
602 1516 664 1547 mei
680 1516 884 1558 impressione
901 1515 1054 1548 roboravi.
1102 1515 1178 1547 Hiis
1193 1515 1337 1547 testibus.

219 1585 439 1617 Endorsed—-‘
452 1584 557 1616 Cart&
587 1583 745 1617 Willelmi
762 1584 936 1616 Camerarii
951 1585 990 1616 de
1006 1584 1213 1626 heremitagio
1230 1583 1346 1616 Sancte
1362 1584 1549 1627 Milburge.’

222 1655 258 1682 (1»
277 1654 335 1675 This
353 1654 415 1676 title.
433 1654 480 1675 auid
500 1653 540 1675 the
561 1656 621 1675 text.
639 1653 721 1675 scm-ed
739 1652 845 1680 through
867 1653 924 1674 with
945 1647 1066 1674 inteutio'u
1083 1653 1107 1674 of
1129 1652 1273 1681 cancelling.
1328 1652 1379 1674 The
1396 1652 1532 1681 hermitage
1548 1652 1574 1674 of
1596 1651 1633 1674 St.

186 1697 308 1725 Milhurge
323 1704 371 1718 was
383 1696 406 1718 in
420 1703 446 1718 οι·
458 1703 515 1717 near
528 1695 625 1718 Bristol.

794 1849 1028 1882 DCCLXXX.

177 1931 339 1965 GRANT
370 1931 435 1963 BY
460 1930 677 1963 WILLIAM
702 1929 1066 1968 GHAMBERLAJN,
1093 1929 1190 1961 AND
1215 1929 1369 1961 AGNES
1394 1929 1475 1962 HIS
1500 1928 1639 1968 WIFE,

392 1999 452 2031 OF
475 1998 606 2031 LAND
630 1998 683 2030 IN
707 1997 915 2037 BRISTOL‚
940 1997 997 2030 ΤΟ
1022 1997 1229 2030 MARGAM
1252 1996 1424 2029 ABBEY.

713 2078 887 2122 [MARGAM
911 2077 1104 2121 CHARTER]
1254 2058 1267 2079 ⁹

220 2161 330 2195 Sciant
361 2164 523 2203 presentes
554 2163 585 2191 et
618 2159 720 2191 futuri
751 2160 837 2201 quod
863 2171 923 2201 ego
947 2159 1160 2191 Wummms
1182 2157 1406 2191 omnifluus
1429 2169 1582 2190 consensu
1605 2159 1637 2189 et

172 2242 300 2263 assensu
320 2229 472 2261 onnms
489 2229 598 2261 uxoris
621 2240 690 2260 mee
713 2228 788 2261 dedi
815 2230 846 2260 et
867 2229 1003 2260 concessi
1025 2233 1056 2260 et
1079 2227 1219 2270 presenti
1240 2230 1327 2259 carta
1352 2226 1538 2259 confirmavi
1564 2225 1636 2258 Deo
