1820 2548
1564 219 1649 251 1127

834 509 1080 543 DCCCOXXI.

218 590 562 623 NOTIFICATION
588 590 654 623 BY
678 590 900 623 WILLIAM
924 591 988 623 DE
1019 591 1251 625 BREWOSA
1277 592 1335 625 ΤΟ
1362 593 1444 626 HIS
1470 594 1686 628 KNIGHTS

328 659 430 692 AND
461 659 679 692 TENANTS
703 659 759 691 IN
781 659 954 692 GOWER
974 659 1106 692 THAT
1131 660 1201 692 ΗΕ
1222 660 1317 694 HAS
1337 661 1564 695 GRANTED
1587 662 1686 696 THE

327 727 460 760 LAND
491 727 550 760 OF
580 727 752 761 GOWER
782 728 841 760 ΤΟ
872 728 1017 761 HUGH
1054 729 1116 761 LE
1151 729 1437 770 DESPENSER,
1467 731 1597 764 EARL
1627 732 1686 764 OF

330 796 654 829 WINCHESTER.

682 878 814 921 [HARL.
839 878 1016 918 Cunnum,
1040 881 1082 911 47
1098 879 1138 912 B.
1156 879 1227 922 30.]
1612 919 1615 922 ‚

678 960 814 992 ann
838 971 967 992 nssfonss
990 960 1217 992 Mmsmmnn.
1266 962 1305 993 17
1328 961 1424 994 EDw.
1449 962 1498 994 H.
1547 964 1640 996 1324.

262 1040 476 1073 Wunzmms
498 1042 538 1073 de
561 1041 730 1073 BREWOSA
753 1041 902 1073 dominus
924 1041 1053 1074 honoris
1075 1044 1115 1074 de
1145 1042 1316 1074 Bmmssnn
1342 1069 1348 1075 .
1372 1043 1530 1076 militibus
1555 1071 1561 1076 .
1585 1045 1685 1078 libere

216 1110 400 1143 tenentibus
415 1115 446 1142 et
463 1111 611 1143 omnibus
626 1111 697 1142 aliis
712 1112 752 1143 de
767 1114 851 1143 terra
867 1112 907 1142 de
924 1111 1052 1143 GOWER
1067 1112 1102 1143 in
1118 1111 1266 1144 WALLIA
1286 1138 1291 1143 .
1309 1112 1445 1144 salutem
1459 1112 1495 1144 in
1510 1113 1650 1146 domino.

260 1179 343 1212 Cum
372 1191 429 1222 per
457 1182 579 1211 cartam
604 1182 747 1211 nostram
777 1180 959 1212 dederimus
989 1183 1019 1212 et
1051 1180 1295 1212 concesserimus
1324 1180 1427 1212 nobili
1456 1181 1524 1213 viro
1555 1182 1684 1215 domino

215 1247 360 1280 HUGoxx
376 1248 406 1280 le
422 1248 625 1280 DESPENSER
640 1248 748 1280 comiti
763 1247 959 1281 WYNTONIE
975 1252 1076 1280 totam
1091 1252 1210 1280 terram
1225 1249 1264 1280 de
1286 1248 1417 1281 Gowmz
1439 1261 1512 1282 cum
1535 1250 1684 1283 omnibus

215 1317 279 1349 suis
293 1317 496 1359 pertinentiis
511 1317 546 1348 in
562 1316 711 1349 WAIJJA
727 1321 759 1348 et
774 1317 808 1349 iu
826 1317 976 1349 marchiis
991 1316 1150 1355 WALLOE,
1167 1317 1352 1349 habendum
1376 1317 1435 1350 sibi
1458 1321 1489 1350 et
1512 1318 1683 1351 heredibus

214 1385 280 1418 suis
293 1385 531 1428 imperpetuum
553 1389 649 1428 prout
666 1386 702 1418 in
724 1387 836 1418 eadem
855 1390 941 1417 carta
964 1389 1071 1418 nostra
1093 1386 1220 1428 plenius
1243 1387 1424 1418 continetur
1449 1413 1454 1418 .
1479 1387 1569 1419 vobis
1591 1399 1681 1420 man-

214 1454 328 1486 damus
342 1458 492 1496 rogantes
507 1455 659 1496 quatinus
673 1454 799 1496 prefato
815 1454 923 1486 comiti
939 1455 978 1486 de
993 1454 1153 1497 homagiis
1175 1455 1386 1488 fidelitatibus
1401 1459 1442 1488 et
1455 1456 1527 1488 aliis
1543 1457 1681 1489 serviciis

213 1523 325 1554 vestris
340 1523 590 1565 quibuscumque
606 1523 675 1555 sitis
690 1523 903 1562 intendentes,
920 1523 1113 1561 obedientes,
1134 1526 1165 1555 et
1180 1524 1417 1566 respondentes,
1435 1525 1582 1557 volumus
1594 1526 1681 1558 enim

213 1602 269 1623 vos
298 1591 374 1623 inde
403 1602 479 1633 erga
505 1603 562 1623 nos
589 1603 716 1623 exnunc
742 1592 916 1624 exonerari.
964 1592 1005 1624 In
1037 1592 1130 1634 enjus
1159 1592 1205 1624 rei
1235 1593 1455 1625 testimonium
1479 1593 1680 1636 presentibus

214 1660 330 1692 litteris
345 1660 489 1702 sigillum
503 1663 649 1692 nostrum
665 1660 879 1702 apposuimus.

257 1728 382 1760 Datum
404 1729 491 1770 apud
513 1728 545 1760 la
565 1728 713 1760 ΚΝᾼΡΡΕ
734 1729 786 1761 die
800 1728 936 1761 Veneris
958 1729 1103 1771 proxima
1127 1735 1201 1761 ante
1225 1729 1343 1761 festum
1366 1730 1545 1762 nativitatis
1567 1730 1679 1763 Sancti

211 1796 387 1830 Jomxxss
414 1796 582 1829 BAPnsTE
609 1808 694 1829 anno
720 1798 813 1840 regni
835 1798 957 1830 domim·
984 1798 1155 1830 EvaRm
1181 1798 1281 1840 Regis
1303 1798 1442 1830 Amne
1465 1799 1598 1831 illustris
1621 1800 1680 1832 filii

214 1865 315 1908 Regis
330 1865 501 1898 Emunm
517 1866 640 1897 decimo
656 1866 799 1908 septimo.

257 1933 377 1966 Round
393 1934 467 1973 seal,
484 1934 556 1976 pale
576 1946 674 1977 green
689 1946 771 1974 wax,
791 1935 876 1977 1ὲί11.
893 1936 990 1967 diam.
1037 1935 1088 1967 On
1111 1947 1128 1967 a
1144 1935 1282 1967 hatehed
1301 1937 1437 1979 ground,
1455 1937 1519 1968 and
1534 1937 1679 1969 between

212 2002 287 2035 four
311 2003 434 2045 pellets,
462 2014 481 2035 a
506 2002 774 2046 lozenge-shaped
797 2004 900 2036 shield
927 2004 961 2036 of
987 2016 1091 2036 arms:
1123 2016 1142 2036 a
1166 2005 1233 2036 lion
1256 2008 1406 2047 rampant
1432 2005 1574 2057 between
1603 2005 1679 2037 nine

211 2082 327 2104 erosses
343 2072 479 2104 erosslet.
526 2071 609 2103 Fine
624 2072 722 2104 work.

626 2144 634 2157 ‘
650 2145 682 2177 ψ
703 2140 729 2172 s'
748 2167 754 2172 .
771 2152 969 2183 wamma„
987 2152 1031 2173 DE
1049 2168 1055 2173 .
1075 2140 1265 2174 annuisse?
