1820 2548
253 180 316 211 858

205 336 360 377 presentis
389 339 473 368 carte
502 337 773 369 confirmationem
803 348 838 368 ac
869 337 967 369 eciam
997 338 1363 380 quietamolamaoionem
1385 339 1478 371 dictis
1499 338 1663 372 monachis

204 406 237 436 et
252 415 360 436 eorum
376 404 602 437 successoribus
617 407 726 437 eontra
741 416 849 437 omnes
864 405 1008 438 homines
1031 408 1063 438 et
1077 406 1213 439 feminas
1233 406 1507 439 warantizabimus
1521 407 1660 450 acquiet-

203 471 328 504 abimus
354 475 386 504 et
411 472 620 505 defendemus
649 474 683 504 in
713 475 913 516 perpetuum.
975 473 1021 505 Et
1049 476 1086 506 ut
1114 474 1171 507 hee
1193 486 1264 507 mea
1286 475 1442 507 concessio
1463 474 1606 507 remissio
1627 477 1660 508 et

202 541 356 582 presentis
372 543 455 572 carte
470 552 539 573 mee
555 541 754 573 confirmacio
770 552 805 573 ac
823 541 1006 574 omnimoda
1027 543 1285 584 quietaclamacio
1303 555 1360 585 pro
1377 554 1429 575 me
1444 545 1476 575 et
1489 543 1661 576 heredibus

200 609 279 640 meis
308 612 340 640 et
369 609 538 651 assignatis
567 613 637 641 rata
663 609 785 641 stabilis
811 613 843 641 et
879 609 1063 642 inconcussa
1089 613 1264 653 perseveret
1293 611 1328 642 in
1357 613 1547 653 perpetuum
1575 611 1657 643 hanc

198 680 376 719 presentem
406 680 525 709 cartam
555 677 653 720 sigilli
683 678 745 709 mei
776 678 971 720 inpressione
1000 678 1143 710 roboravi
1168 704 1174 710 .
1199 681 1231 710 et
1260 679 1302 710 ad
1327 678 1458 721 majoris
1480 678 1657 711 securitatis

198 746 394 778 evidenciam
413 749 443 777 et
466 746 631 788 peticionis
653 757 722 777 mee
744 746 932 778 instanciam
954 747 1107 789 magister
1128 747 1288 779 Asamus
1303 748 1342 779 de
1363 747 1493 779 Powvs’
1516 747 1658 780 officialis

196 812 438 845 LANDAVENSIS
453 814 593 855 dyocesis
608 816 685 846 tune
701 815 774 846 sede
788 817 920 846 vacante
939 840 944 846 .
962 817 1139 856 presentem
1162 817 1281 847 cartam
1297 815 1404 858 sigillo
1417 826 1474 847 suo
1489 815 1629 857 signavit
1646 841 1652 847 .

194 882 339 914 similiter
355 885 387 914 et
402 882 597 914 Mmmcms
613 883 652 914 de
668 882 820 915 OonNssm
838 886 869 915 et
885 883 1080 915 Msmucms
1096 883 1239 915 GRAMUS
1264 883 1298 914 in
1313 883 1532 915 testimonium
1547 882 1653 926 sigilla

192 961 249 983 sua
279 954 503 993 apposuerunt.
562 950 640 983 Hiis
661 951 796 983 testibus
823 977 828 983 .
859 950 1017 983 Rommo
1041 951 1188 984 Vicum
1218 976 1224 983 .
1247 951 1425 983 MAummo
1445 950 1626 983 CANTELOU
1644 976 1652 983 .

193 1018 310 1051 DAvm
333 1019 453 1050 BENET
478 1044 484 1050 .
512 1018 703 1050 WILLELMO
727 1018 836 1050 Tssmu
863 1045 869 1050 .
894 1018 1062 1050 Pffimpo
1094 1018 1238 1051 GRAMUS
1262 1045 1268 1051 .
1292 1019 1457 1052 JOHANNE
1481 1019 1621 1051 Pmmu
1645 1044 1652 1051 .

191 1086 315 1119 Tuom
333 1087 484 1129 burgensi
500 1087 539 1119 de
555 1086 724 1118 KENEFEG
743 1090 774 1118 et
790 1087 900 1119 multis
916 1087 995 1118 aliis.

236 1155 313 1187 Two
329 1155 417 1188 see-Is.

237 1225 263 1255 1.
311 1224 439 1263 Round,
463 1234 560 1266 green
585 1234 664 1263 wax,
688 1223 863 1266 imperfect,
888 1223 950 1254 lin.
975 1223 1069 1254 diam.
1117 1222 1259 1254 Maurice
1283 1222 1455 1255 Grammus
1477 1234 1511 1254 as
1533 1221 1650 1255 before.

193 1293 248 1334 <75
266 1292 301 1324 O.
322 1293 386 1333 16).

233 1362 262 1392 2.
309 1361 401 1399 Oval,
420 1360 482 1392 lin.
499 1359 544 1402 by
562 1360 627 1402 {im
673 1359 706 1392 A
722 1362 858 1392 crescent
875 1359 1038 1402 enelosing
1053 1370 1071 1391 a
1086 1370 1179 1400 wavy
1194 1361 1258 1391 star
1271 1359 1305 1391 of
1327 1359 1376 1391 six
1393 1359 1507 1401 points.

698 1431 706 1444 ‘
723 1433 755 1464 -4-
776 1427 801 1459 s’
820 1454 825 1459 .
845 1438 904 1459 RES
921 1453 927 1458 .
946 1438 987 1459 Ar
1004 1426 1140 1458 nonen?

810 1582 1032 1616 DCCLVIII.

254 1665 497 1698 EXTRACTS
535 1665 665 1698 FR-OM
702 1664 735 1697 A
777 1663 903 1697 BOOK
947 1663 1006 1696 OF
1042 1662 1243 1702 ANNALS,
1279 1662 1492 1694 CHIEFLY
1527 1662 1586 1695 OF

770 1731 1075 1765 GLAMORGAN.

534 1814 686 1857 [P.R.O.‚
710 1813 806 1852 Q.R.‚
831 1814 989 1845 M1scELL.
1014 1812 1136 1851 Booxs,
1160 1811 1242 1844 Vox..
1267 1810 1314 1854 L]

1053 1893 1135 1924 1283
1157 1903 1198 1924 'ro
1222 1892 1316 1930 1286,
1341 1892 1423 1923 1081
1447 1901 1488 1922 'ro
1513 1890 1605 1922 1298.

239 1978 330 2009 1283.
377 1977 493 2009 DAvm
510 1974 723 2017 [Wfflmsxs]
742 1985 814 2006 cum
829 1973 952 2006 duobus
974 1973 1048 2005 filiis
1065 1998 1071 2005 .
1089 1984 1186 2005 uxore
1211 1998 1217 2005 .
1242 1974 1275 2004 et
1296 1970 1422 2004 filiabus
1446 1997 1452 2003 .
1477 1969 1562 2013 capti
1576 1971 1652 2002 sunt

193 2046 307 2079 strande
322 2048 483 2087 nepotum.

240 2115 331 2146 1286.
378 2111 562 2145 combustio
579 2112 745 2143 domorum
760 2111 847 2153 apud
869 2109 1238 2142 Srnum-Fronmm.

239 2249 331 2282 1081.
377 2248 537 2280 Edifioata
552 2250 598 2279 est
615 2245 792 2278 szmvm
809 2245 867 2278 sub
884 2245 975 2288 Rege
991 2244 1185 2277 WILLELMO
1200 2243 1312 2286 primo.
