1820 2548
215 193 297 225 1132

171 352 226 380 aut
242 349 420 390 calumpnic
436 348 470 380 in
486 348 550 380 illis
568 348 718 390 predictis
738 348 905 391 burgagiis
925 348 1096 391 mesuagiis
1117 359 1189 381 cum
1210 349 1274 381 suis
1295 349 1499 392 pertinenciis
1519 350 1627 392 aliquo

169 417 264 449 modo
276 417 442 449 vendicare
454 417 627 459 poterimus
638 417 672 448 in
684 419 882 459 perpetuum.
928 416 992 449 Pro
1003 416 1061 449 hae
1077 419 1183 449 autem
1195 417 1391 449 concessione
1408 443 1415 449 .
1431 418 1630 450 relaxacione

169 490 200 517 et
217 486 324 528 quieta
339 486 530 517 clamacione
545 496 615 517 mea
633 511 638 516 .
657 488 875 517 concesserunt
891 488 922 516 et
937 485 1094 517 dederunt
1109 485 1255 517 unanimi
1270 496 1398 518 assensu
1414 488 1446 518 et
1461 486 1625 518 voluntate

171 554 330 586 communi
347 554 480 596 predicti
497 579 504 586 .
524 579 530 585 .
548 553 646 585 abbas
661 556 692 585 et
708 555 882 585 conventus
897 553 994 585 michi
1009 553 1145 596 singulis
1161 553 1272 586 diebus
1287 554 1391 596 quoad
1403 554 1511 587 vixero
1526 565 1628 587 unum

172 634 288 665 panem
311 622 553 654 conventualem
570 624 600 653 et
616 621 695 653 alios
711 622 790 653 duos
812 632 910 663 panes
931 622 987 663 qui
1007 624 1160 654 vocantur
1176 624 1184 638 ‘
1195 621 1409 654 Liuersouns’
1427 648 1432 654 .
1460 622 1506 654 Et
1527 633 1630 655 unum

171 690 321 733 lagenam
343 691 471 722 cervisie
486 693 580 732 potus
596 690 768 721 eorundem
793 715 799 721 .
824 689 870 721 Et
892 689 1059 721 dimidiam
1083 700 1220 721 marcam
1243 690 1369 733 argenti
1385 701 1441 732 pro
1457 691 1624 733 stipendio.

170 759 215 791 Et
232 761 368 800 quatuor
382 759 470 801 paria
487 758 639 790 sotlzmim
655 758 751 800 precii
768 769 828 790 ΧΠ.
846 758 1049 790 denariorum
1068 760 1099 790 et
1120 770 1221 790 unum
1240 758 1436 800 quarterium
1456 769 1554 791 avene
1571 769 1630 802 pro

169 828 332 870 legumine
357 854 362 859 .
388 827 433 859 Et
456 830 620 869 pasturam
644 827 781 858 duorum
807 826 995 858 animalium
1022 827 1088 858 loco
1115 827 1262 868 pitancie.
1309 827 1354 858 Et
1381 838 1440 870 ego
1466 827 1628 869 predictus

168 895 191 928 J
193 906 350 928 OHANNES
371 895 536 927 servicium
558 895 654 926 unius
668 894 761 926 liberi
776 894 941 926 servientis
955 894 1072 926 faciam
1083 895 1118 926 in
1133 894 1261 927 abbatia
1276 895 1326 927 vel
1342 898 1433 927 extra
1447 895 1628 938 ubicunque

169 964 260 996 fuero
283 964 462 1006 assignatus
484 963 639 1005 quamdiu
661 963 805 994 valitudo
828 963 966 1005 corporis
987 963 1051 995 mei
1072 963 1259 1005 permiserit.
1321 963 1367 996 Et
1389 975 1448 1006 ego
1471 964 1631 1006 predictus

168 1031 190 1064 J
192 1042 351 1063 OHANNES
374 1035 404 1063 et
427 1031 558 1063 heredes
581 1031 643 1063 mei
664 1034 696 1063 et
717 1031 872 1074 assignati
892 1031 1066 1073 predictam
1089 1032 1320 1064 concessionem
1341 1032 1573 1065 relaxacionem
1595 1034 1628 1065 et

169 1100 310 1142 quietam
336 1099 560 1131 olamacionem
587 1099 736 1141 predictis
761 1126 766 1131 .
794 1126 799 1131 .
825 1099 935 1131 abbati
957 1102 990 1131 et
1012 1100 1181 1131 conventui
1204 1111 1376 1142 eorumque
1399 1100 1626 1133 successoribus

168 1171 277 1200 eontra
301 1179 409 1200 omnes
436 1168 585 1200 mortales
611 1167 887 1200 warentizabimus
912 1167 1162 1209 acquietabimus
1193 1170 1225 1200 et
1255 1168 1463 1200 defendemus
1493 1168 1528 1200 in
1558 1180 1628 1210 per-

167 1240 310 1279 petuum.
357 1236 399 1268 In
415 1237 506 1278 cujus
521 1237 567 1268 rei
582 1236 802 1268 testimonium
820 1236 895 1268 huic
909 1236 1048 1278 presenti
1070 1236 1185 1278 scripto
1201 1236 1344 1278 sigillum
1360 1247 1467 1268 meum
1485 1237 1631 1279 apposui.

168 1304 213 1337 Et
229 1305 303 1347 quia
319 1305 462 1347 sigillum
477 1316 585 1336 meum
606 1304 750 1346 pluribus
766 1308 812 1336 est
831 1304 1032 1346 incognitum
1050 1330 1056 1335 .
1074 1304 1217 1346 sigillum
1238 1315 1404 1336 commune
1420 1304 1632 1347 burgensium

168 1373 208 1405 de
235 1372 405 1404 Knxnmzo
430 1373 547 1415 apponi
572 1373 746 1414 procuravi.
812 1372 886 1404 Hiis
909 1371 1044 1404 testibus
1068 1397 1074 1403 .
1099 1371 1262 1404 JOHANNE
1288 1372 1404 1404 Loum
1430 1398 1435 1403 .
1461 1372 1630 1404 Pmmpo

169 1440 351 1473 Srlwnnn.
377 1441 493 1473 DAz-m
515 1440 665 1472 MAREsc'
691 1440 909 1473 ‚W1LL13LMO
933 1439 1051 1472 TERRY
1077 1465 1082 1471 .
1109 1439 1271 1471 Hssxmco
1297 1439 1410 1472 COLYN
1436 1466 1442 1472 .
1467 1442 1499 1472 et
1521 1440 1632 1473 multis

174 1509 254 1540 aliis.
1445 1555 1449 1557 Α

212 1577 335 1609 Datum
356 1577 441 1619 apud
464 1577 617 1609 MARGAN
645 1577 696 1608 die
717 1576 801 1608 beati
824 1576 958 1608 Doxxn
983 1576 1119 1618 episcopi
1141 1579 1173 1608 et
1195 1576 1335 1608 mai-tilis
1360 1601 1366 1607 .
1391 1587 1475 1609 anno
1497 1576 1632 1608 Domini

172 1645 341 1677 millesimo
357 1645 575 1677 trecentesimo
592 1645 740 1676 vicesimo
756 1645 880 1687 quinto.

217 1713 294 1745 Two
310 1713 399 1751 seals,
415 1713 449 1745 in
465 1714 521 1745 red
538 1724 616 1744 wax.

220 1782 245 1812 l.
293 1780 384 1819 Oval‚
403 1781 487 1822 lgin.
504 1780 548 1822 by
566 1781 650 1822 stin.
697 1780 825 1819 Device,
842 1792 860 1812 a
875 1780 1078 1812 fleur-de-lis.

219 1848 406 1891 Legend—‘
425 1855 456 1885 -4-
478 1849 502 1881 ε’
521 1875 527 1880 .
547 1860 637 1880 1oms
654 1874 661 1880 .
680 1849 787 1881 mcor)
804 1860 847 1880 ma
865 1848 1005 1880 mimo)

221 1918 251 1948 2.
301 1917 384 1958 lgin.
403 1917 498 1949 diam.
544 1917 577 1949 A
593 1919 657 1949 star
673 1917 706 1949 of
721 1917 794 1949 four
809 1928 883 1958 rays
897 1916 1041 1948 between
1056 1916 1130 1948 four
1145 1916 1267 1958 pellets.

222 1984 411 2027 Legend—‘
427 1991 459 2021 -ι-
480 1985 505 2017 s’
524 2009 531 2018 .
548 1996 685 2016 conum:
703 2010 709 2016 .
729 1996 771 2016 m:
789 2010 795 2016 .
814 1984 950 2016 Kssxarf

221 2052 398 2091 Endorsed,
408 2053 442 2084 in
459 2064 477 2084 a
492 2053 556 2085 late
570 2052 711 2084 hand—‘
722 2053 891 2085 Relaxatio
905 2052 928 2084 J
930 2052 1064 2084 ohannis
1079 2051 1231 2094 Nycholl'
1245 2052 1284 2084 de
1300 2051 1392 2084 terris
1407 2052 1442 2083 in
1457 2051 1615 2095 Kenfeg.’
