1820 2548
1548 215 1627 246 1171

204 367 368 409 justiciam
384 367 526 400 exhiberi
549 367 782 410 assignavimus
803 379 857 400 vos
879 370 944 401 tres
959 372 991 400 et
1013 369 1092 400 duos
1115 373 1256 401 vestrum
1277 369 1469 412 justiciarios
1492 374 1615 403 nostros
1630 373 1671 404 ad

206 439 325 468 cartam
348 436 524 478 predictam
547 435 785 478 inspiciendum
804 440 835 468 et
859 437 1111 469 examinandum
1132 440 1164 469 et
1187 438 1227 469 ad
1246 438 1474 480 inquirendum
1497 451 1553 482 per
1569 451 1670 472 sacra-

205 506 351 536 mentum
367 506 425 536 etc.
443 505 482 536 de
499 504 584 536 dicta
599 507 684 536 terra
699 504 739 536 de
756 503 886 537 Gownn
901 517 957 548 per
972 517 1050 547 quos
1065 508 1123 538 etc.
1141 506 1180 538 de
1201 506 1348 538 omnibus
1368 508 1671 550 transgressionibus

205 572 461 615 oppressionibus
491 573 619 615 injuriis
648 573 796 615 dampnis
819 576 851 605 et
873 574 1114 616 gravaminibus
1134 578 1243 606 contra
1269 578 1412 608 tenorem
1431 579 1515 608 carte
1531 577 1670 619 predicte

204 641 389 673 hominibus
403 641 553 684 predictis
568 641 667 673 illatis
681 653 805 673 necnon
822 643 863 674 ad
886 642 1030 684 querelas
1053 643 1197 675 omnium
1219 648 1251 675 et
1273 644 1475 686 singulorum
1497 646 1671 678 eorundem

202 709 370 742 hominum
397 712 428 741 et
451 709 633 742 tenencium
656 710 696 741 de
716 709 904 752 hujusmodi
925 711 1229 753 transgressionibus
1263 713 1518 754 oppressionibus
1540 714 1669 755 injuriis

201 778 353 820 dampnis
374 782 407 810 et
429 777 670 820 gravaminibus
692 779 842 820 conqueri
866 779 1044 811 voleneium
1060 779 1121 811 nisi
1136 780 1235 812 iidem
1250 780 1426 812 Rminmrs
1442 785 1474 813 et
1489 781 1605 814 Ama
1622 783 1672 815 vel

201 858 314 878 eorum
330 846 469 878 ministri
484 848 559 878 ante
575 847 750 879 adventum
766 851 906 879 vestrum
922 848 963 879 ad
979 852 1096 880 terram
1113 849 1287 890 predictam
1303 850 1421 881 eisdem
1437 850 1620 883 hominibus
1641 855 1673 883 et

206 915 390 947 tenentibus
404 915 480 947 inde
496 915 616 948 faciant
632 916 761 958 justicie
777 916 1044 958 complementum
1058 916 1256 948 audiendum
1268 919 1299 949 et
1311 919 1550 950 tenninandum
1563 931 1672 952 secun-

206 984 284 1016 dum
299 984 387 1026 leges
403 987 434 1016 et
450 985 696 1017 consuetudines
711 985 855 1027 parcium
870 985 1008 1017 inarum.
1055 986 1101 1018 Et
1117 986 1188 1018 ideo
1204 986 1293 1018 vobis
1309 988 1499 1020 mandamus
1515 989 1599 1030 quod
1619 1001 1674 1021 vos

206 1057 270 1084 tres
282 1053 331 1084 vel
343 1053 408 1085 duo
421 1056 562 1085 vestrum
575 1054 616 1085 ad
628 1057 747 1085 terram
759 1053 936 1096 predictam
948 1054 1157 1096 personaliter
1166 1056 1349 1087 accedentes
1361 1057 1513 1098 premissa
1525 1058 1632 1089 onmia
1643 1060 1676 1090 et

206 1122 334 1164 singula
349 1121 475 1154 faciatis
492 1125 524 1154 et
539 1123 695 1164 expleatis
709 1122 744 1154 in
760 1122 865 1154 forma
881 1122 1032 1164 predicta.
1079 1123 1125 1155 Et
1140 1123 1166 1155 si
1185 1123 1293 1156 forsan
1309 1124 1533 1166 inquisiciones
1548 1137 1604 1168 per
1620 1137 1675 1158 vos

206 1195 270 1222 tres
292 1190 342 1222 vel
364 1191 444 1223 duos
462 1194 602 1223 vestrum
626 1202 720 1233 super
735 1191 895 1233 premissis
911 1191 1063 1233 capiende
1078 1191 1129 1223 vel
1153 1191 1261 1234 aliqua
1280 1204 1389 1225 earum
1404 1205 1460 1236 per
1475 1193 1620 1227 homiues
1635 1195 1675 1227 de

205 1262 290 1291 terra
317 1259 460 1302 predicta
486 1264 616 1302 propter
642 1260 840 1302 calumpnias
869 1259 1075 1292 rationabiles
1100 1261 1170 1302 capi
1200 1262 1402 1303 nequiverint
1430 1267 1507 1295 tunc
1537 1275 1590 1295 eas
1619 1275 1676 1305 per

207 1331 404 1360 sacramenta
416 1328 589 1370 proborum
599 1331 657 1361 etc.
671 1329 711 1360 de
723 1328 868 1371 partibus
880 1328 991 1360 vicinis
1007 1329 1154 1361 videlicet
1165 1329 1199 1361 in
1212 1330 1364 1362 comitatu
1381 1330 1626 1363 KAERMERDYN
1644 1335 1676 1364 et

202 1397 416 1429 senescallciis
431 1400 590 1429 terrarum
606 1398 645 1429 de
661 1397 921 1429 CANTREMAURE
938 1401 970 1430 et
986 1397 1174 1430 CARDYGAN
1191 1402 1222 1430 et
1239 1401 1324 1431 terra
1339 1400 1378 1431 de
1395 1399 1611 1433 GLAMORGAN
1635 1402 1676 1434 ad

206 1470 306 1497 certos
333 1468 392 1497 etc.
418 1469 476 1498 etc.
506 1477 584 1507 quos
609 1477 664 1498 vos
688 1468 752 1498 tres
776 1466 826 1498 vel
854 1467 917 1498 duo
943 1472 1083 1498 vestrum
1107 1468 1148 1499 ad
1175 1467 1233 1500 hoc
1263 1469 1466 1510 providentes
1488 1470 1620 1512 capiatis
1643 1474 1676 1502 et

207 1533 473 1576 transgressiones
497 1535 714 1576 oppressiones
735 1534 872 1577 injurias
894 1535 1035 1577 dampna
1054 1541 1086 1567 et
1109 1537 1297 1579 gravamina
1317 1539 1460 1579 predicta
1483 1539 1621 1571 audiatis
1644 1543 1676 1571 et

206 1602 386 1634 terminetis
416 1603 450 1633 111
482 1603 586 1634 forma
616 1604 758 1645 predicta
789 1603 906 1635 facturi
944 1608 1002 1635 etc.
1042 1605 1217 1637 secundum
1254 1605 1341 1648 leges
1371 1610 1402 1638 et
1433 1608 1677 1639 consuetudines

207 1671 351 1713 parcium
366 1671 496 1702 illarum
513 1671 608 1703 salvis
631 1676 689 1703 etc.
714 1676 772 1703 etc.
820 1672 1051 1705 Mandavimus
1074 1673 1160 1705 enim
1183 1674 1316 1716 prefatis
1338 1674 1493 1707 RchRno
1512 1678 1543 1707 et
1559 1676 1674 1708 Anxa

207 1740 292 1781 quod
306 1739 367 1782 ipsi
383 1740 423 1771 de
439 1743 525 1771 terra
540 1740 683 1782 predicta
698 1741 737 1772 de
754 1740 884 1772 Gowan
899 1744 931 1773 et
947 1741 1123 1774 vicecomiti
1134 1747 1242 1774 nostro
1255 1743 1424 1775 comitatus
1439 1745 1573 1786 predicti
1589 1746 1675 1787 quod

207 1808 274 1850 ipse
297 1809 336 1840 de
361 1809 473 1840 eodem
497 1809 650 1840 comitatu
674 1820 710 1841 ac
730 1809 908 1844 senescallis
931 1810 1047 1842 nostris
1070 1811 1329 1843 senescalciarum
1353 1812 1567 1854 predictarum
1591 1814 1676 1856 quod

206 1876 267 1919 ipsi
283 1877 322 1909 de
338 1877 534 1909 senescalciis
549 1877 613 1909 suis
629 1889 751 1910 necnon
776 1881 806 1910 et
825 1878 1019 1911 WILLELMO
1035 1880 1067 1911 la
1081 1880 1220 1912 Zoncrm
1243 1881 1373 1913 domino
1397 1882 1437 1914 de
1460 1881 1674 1914 GLAMORGAN

206 1946 291 1986 quod
307 1945 374 1988 ipse
397 1946 437 1978 de
459 1945 545 1978 dicta
566 1954 650 1978 terra
672 1947 711 1978 de
734 1946 951 1979 GLAMORGAN
975 1949 1015 1980 ad
1035 1952 1134 1981 certos
1154 1949 1221 1981 dies
1237 1952 1269 1981 et
1284 1949 1353 1982 loca
1370 1962 1448 1992 quos
1472 1962 1527 1982 vos
1547 1953 1609 1983 tres
1625 1952 1675 1983 vel

205 2014 268 2045 duo
298 2017 439 2046 vestrum
469 2015 514 2046 eis
544 2015 621 2047 scire
652 2015 777 2047 faciatis
807 2016 915 2048 venire
946 2016 1066 2049 faciant
1098 2029 1202 2050 coram
1226 2017 1315 2050 vobis
1341 2018 1444 2050 tribus
1469 2019 1518 2050 vel
1549 2019 1673 2051 duobus

207 2087 347 2114 vestrum
363 2086 411 2115 tot
427 2087 458 2115 et
475 2083 555 2115 tales
571 2086 628 2115 ete.
647 2084 686 2115 de
701 2084 794 2116 terris
809 2085 960 2127 predictis
975 2097 1031 2128 per
1047 2097 1125 2128 quos
1147 2090 1206 2118 etc.
1231 2091 1290 2118 etc.
1315 2087 1348 2118 in
1364 2087 1524 2128 premissis
1539 2092 1596 2119 etc.
1615 2092 1672 2119 etc.

205 2156 236 2182 et
252 2150 380 2192 inquiri.
428 2151 473 2184 Et
490 2152 579 2184 vobis
595 2152 697 2184 tribus
718 2153 769 2185 vel
785 2153 909 2186 duobus
928 2158 1070 2186 vestrum
1092 2155 1127 2187 in
1146 2155 1306 2197 premissis
1329 2155 1477 2187 omnibus
1493 2160 1523 2187 et
1540 2156 1676 2198 singulis

206 2224 337 2261 pareant
353 2222 385 2251 et
401 2220 581 2252 intendant.
632 2220 670 2252 In
688 2221 780 2263 cujus
803 2226 861 2254 etc.
887 2226 944 2254 etc.
993 2222 1087 2255 Teste
1111 2223 1202 2266 Rege
1226 2224 1311 2265 apud
1335 2223 1527 2255 Ηεκτῑοκι)
1553 2235 1673 2255 xxvm.

206 2287 256 2319 die
276 2287 298 2320 J
300 2289 436 2321 aunarii.

816 2333 879 2366 Per
896 2335 1073 2367 consilium.
