1820 2548
1510 181 1572 212 807

151 340 280 380 propter
302 336 361 368 hoc
377 337 463 378 quod
479 361 485 368 .
503 336 589 368 idem
611 336 771 368 Dominus
794 336 816 368 J
818 347 976 368 OHANNES
1000 336 1072 368 Rex
1092 337 1132 368 de
1150 336 1292 378 predicta
1314 348 1436 379 gwerra
1459 337 1523 368 fuit
1543 348 1613 379 per-

149 406 280 438 territus
297 431 303 437 .
322 408 354 437 et
375 408 412 437 ut
430 405 537 448 majus
559 405 736 447 periculum
758 405 892 436 evitaret
914 407 1003 437 metu
1027 416 1149 448 gwerre
1171 406 1313 447 predicte
1330 405 1407 437 fecit
1429 406 1457 437 ei
1478 407 1612 438 eandem

150 478 270 507 cartam
294 474 397 516 magis
419 473 479 506 sub
494 473 596 516 specie
612 485 733 516 gwerre
749 485 847 516 quam
862 474 969 506 animo
986 474 1127 506 donandi
1145 500 1150 506 .
1168 474 1259 506 Dicit
1279 474 1365 506 enim
1385 475 1471 516 quod
1487 474 1612 516 seysina

149 543 290 585 predicte
313 545 398 574 terre
423 543 463 575 de
489 541 625 574 ‘Gor-:1³²
652 554 819 584 nunquam
844 543 907 574 fuit
933 554 1006 574 cum
1032 543 1175 585 predicta
1201 546 1287 575 carta
1313 543 1399 574 dioto
1418 542 1612 575 Wmfflmuo

149 610 294 643 liberata.
340 610 431 643 Dicit
448 610 546 642 etiam
569 611 655 652 quod
675 611 836 652 predictus
852 611 1067 644 W1LLELMUS
1087 614 1134 643 est
1158 613 1263 643 totum
1282 614 1452 643 extraneus
1474 611 1614 653 predicte

149 681 234 712 ome
249 679 325 721 quia
341 679 418 711 dioit
434 679 520 721 quod
536 679 668 721 quidam
684 679 898 712 W1LLELMtsss
914 691 1050 721 proavus
1068 679 1202 722 predicti
1218 679 1405 711 Wnismn
1421 679 1535 711 habuit
1551 681 1615 710 tres

146 748 228 781 filios
245 774 251 780 .
267 747 490 781 wammam
514 750 703 780 antenatum
726 773 733 779 .
757 747 915 780 Eemrmu
932 748 1092 780 ‘medium
1104 748 1112 761 ’
1130 774 1136 780 .
1158 747 1394 780 Rmmimm
1416 750 1611 790 postnatum.

150 816 216 852 Qui
241 817 372 859 quidem
398 816 545 848 Emmcs
569 820 641 859 post
670 819 806 849 mortem
836 817 971 859 predicti
998 817 1185 849 WILLELMI
1216 817 1316 859 patris
1343 816 1392 848 sui
1419 816 1551 848 intravit
1581 816 1615 848 in

148 885 359 918 hereditatem
383 885 518 927 predicti
533 885 721 918 WILLELMI
746 910 752 916 .
778 888 809 917 et
833 886 908 917 inde
934 885 1011 917 obiit
1037 886 1182 927 seysitus.
1230 884 1308 917 Post
1335 884 1428 926 cujus
1453 887 1613 916 mortem.

150 954 311 996 predictus
327 953 552 986 Rmmimms
566 954 700 986 intravit
712 954 746 986 in
762 955 896 986 eandem
909 957 945 986 ut
957 954 1057 985 frater
1069 957 1099 986 et
1114 953 1216 985 heres.
1262 953 1309 985 Et
1320 956 1429 995 postea
1441 953 1617 995 predictam

148 1024 266 1054 terrem
282 1022 423 1054 reddidit
439 1023 566 1055 cuidam
581 1022 603 1055 J
605 1034 739 1054 OHANNI
756 1023 822 1054 filio
839 1022 1026 1055 WILLELm
1042 1022 1127 1064 pata-i
1141 1022 1276 1064 predicti
1294 1021 1482 1054 WILLELMI
1499 1033 1585 1053 nuno
1609 1046 1616 1052 .

148 1091 234 1122 unde
283 1091 405 1122 desicut
447 1091 532 1123 idem
570 1091 592 1124 J
594 1102 752 1123 OHANNES
786 1094 876 1133 pater
915 1103 990 1123 suus
1027 1091 1160 1123 intravit
1198 1091 1374 1133 predictam
1408 1094 1527 1122 terrani
1561 1101 1617 1132 per

147 1159 363 1192 reddicionem
401 1160 536 1202 predicti
574 1160 772 1192 REfflNALm
813 1172 869 1202 per
907 1160 1069 1202 quandam
1107 1159 1354 1192 convencionem
1390 1160 1475 1190 inter
1512 1159 1617 1200 ipsum

146 1227 338 1260 JOHANNEM
363 1231 395 1260 et
420 1229 601 1271 predictum
628 1229 865 1260 REGINALDUM
890 1229 1029 1260 initam.
1052 1230 1085 1260 et
1109 1240 1175 1260 non
1200 1240 1256 1270 per
1281 1229 1466 1260 descensum
1492 1227 1617 1259 heredi-

146 1296 265 1328 tarium
281 1300 317 1328 ut
332 1297 422 1328 heres
437 1297 573 1339 predicti
589 1297 777 1330 WILLELm
794 1298 904 1340 proavi
922 1323 928 1329 .
947 1300 1004 1329 etc.
1023 1322 1030 1329 .
1047 1297 1176 1329 videtur
1191 1298 1277 1340 quod
1293 1297 1387 1329 debet
1403 1297 1470 1328 sine
1487 1296 1617 1328 domino

148 1364 239 1407 Rege
254 1366 454 1408 respondere.

189 1433 235 1465 Et
251 1434 410 1476 predictus
426 1434 641 1467 WILLELMFS
657 1436 763 1477 quoad
778 1435 957 1477 predictum
974 1438 1112 1467 castrum
1127 1434 1204 1466 dicit
1220 1434 1306 1477 quod
1321 1434 1407 1465 idem
1420 1437 1557 1465 castrum
1569 1435 1616 1464 est

146 1501 308 1543 pertinens
331 1503 372 1534 ad
394 1503 570 1545 predictam
592 1507 711 1536 terram
733 1507 766 1536 et
789 1505 828 1536 de
854 1504 1056 1546 pertinentiis
1079 1503 1224 1547 ejusdem
1247 1503 1393 1545 quamvis
1415 1503 1450 1534 in
1473 1502 1615 1544 predicta

147 1572 233 1601 carta
248 1581 312 1601 non
328 1571 531 1612 specificetur.
579 1572 669 1604 Dicit
685 1573 782 1604 etiam
798 1574 883 1615 quod
902 1573 969 1615 ipse
984 1584 1050 1605 non
1066 1576 1113 1605 est
1136 1575 1307 1604 extraneus
1329 1573 1471 1614 predicte
1494 1576 1579 1605 carte
1604 1599 1610 1604 .

148 1636 246 1669 immo
268 1639 410 1671 totaliter
431 1640 630 1682 propinquus
647 1652 704 1683 per
725 1644 845 1673 rectam
868 1642 986 1673 lineam
1010 1641 1176 1684 sanguinis
1199 1642 1238 1673 de
1261 1641 1402 1683 predicto
1418 1641 1612 1674 WILLELMO

145 1716 262 1747 proavo
278 1717 334 1738 suo
358 1731 364 1738 .
389 1707 478 1739 Dicit
494 1709 591 1740 etiam
607 1711 692 1751 quod
712 1710 798 1742 idem
815 1710 1030 1742 W112LELMUS
1051 1721 1187 1752 proavus
1203 1721 1278 1741 suus
1301 1709 1352 1741 eui
1366 1710 1509 1752 predicta
1525 1712 1612 1742 carta

145 1772 230 1805 faeta
250 1773 314 1805 fuit
337 1774 415 1806 obiit
436 1776 571 1817 seysitus
594 1778 633 1809 de
656 1779 806 1821 predictis
824 1779 1024 1811 tenementis,
1080 1778 1158 1810 Post
1176 1778 1269 1821 cujus
1291 1780 1427 1810 mortem
1448 1779 1609 1820 predictus

145 1840 359 1874 Wuuzmcs
382 1843 466 1875 filius
492 1856 567 1877 suus
592 1848 738 1879 successit
762 1848 792 1879 ei
821 1873 827 1879 .
857 1852 892 1880 ut
917 1848 1003 1880 filius
1027 1850 1060 1879 et
1082 1847 1181 1879 heres.
1239 1847 1286 1879 Et
1309 1849 1418 1889 postea
1448 1848 1609 1889 predictus

143 1909 324 1942 JOHANNES
354 1912 439 1944 filius
468 1912 613 1955 ejusdem
642 1914 829 1948 WILLELMI
861 1919 951 1958 pater
981 1928 1056 1948 suus
1085 1916 1171 1948 instra
1196 1918 1313 1948 etatem
1339 1919 1370 1947 et
1400 1915 1434 1947 in
1465 1915 1608 1947 custodia

141 1978 263 2011 domini
287 1979 309 2012 J
311 1991 460 2013 ommxxs
483 1981 582 2024 Regis
605 1983 743 2016 existens
766 1985 906 2026 predicto
931 1985 1126 2018 Wuumo
1146 1985 1230 2026 patri
1251 1984 1342 2016 heres
1362 1984 1510 2016 successit
1527 2009 1533 2014 .
1551 1984 1607 2025 qui

141 2047 271 2089 quidem
297 2049 439 2081 domino³
477 2049 500 2082 J
502 2060 659 2083 OHANNES
693 2051 765 2084 Rex
797 2056 900 2085 custos
932 2053 1118 2085 hereditatis
1148 2053 1248 2095 ipsius
1278 2053 1300 2085 J
1303 2063 1454 2085 omxms
1484 2053 1606 2084 dimisit

140 2116 282 2158 predicto
313 2117 439 2149 Eemxo
469 2119 628 2151 avunculo
657 2120 756 2162 ipsius
781 2121 956 2154 «IOHANNIS
985 2125 1063 2154 tunc
1093 2121 1301 2154 Hnnronnm
1328 2122 1474 2163 episcopo
1506 2146 1512 2152 .
1545 2132 1608 2163 qua

140 2184 270 2226 quidem
295 2186 437 2218 custodia
460 2187 597 2220 durante
628 2188 707 2221 obiit
737 2190 822 2222 idem
853 2190 1010 2223 Efflmns.
1073 2190 1149 2222 Post
1175 2189 1265 2232 cujus
1290 2192 1426 2221 mortem
1446 2189 1608 2231 predictus

141 2251 365 2286 Rmnumus
395 2255 525 2288 intrusit
555 2267 588 2288 se
614 2257 648 2289 in
685 2258 863 2300 predictam
893 2259 1105 2291 hereditatem
1140 2261 1171 2290 et
1207 2261 1316 2300 postea
1346 2258 1436 2290 illam
1466 2257 1608 2289 reddidit
