1820 2548
1528 177 1609 207 1031

782 343 1070 376 DCCCLXXIII.

190 426 342 460 LEASE
382 426 473 458 FOR
511 425 615 459 Two
654 425 793 458 LIVES
832 424 897 457 BY
935 424 1010 457 SIR
1050 424 1238 457 ROBERT
1276 425 1339 457 DE
1378 425 1560 457 PENRES
1595 425 1655 456 TO

300 494 519 527 MAURICE
557 493 695 526 ADAM
733 493 835 525 AND
875 492 1099 525 GRISTINA
1136 492 1217 525 HIS
1255 493 1383 525 WIFE
1422 493 1481 524 OF
1513 492 1654 525 'BENE-

296 562 454 595 MENTS
487 562 549 594 AT
585 561 834 599 WENFROD,
869 561 1130 594 MEASURED
1165 561 1231 594 BY
1256 561 1354 594 THE
1383 561 1653 594 LANDYMOR

300 631 457 663 PEROH
496 630 555 662 OF
592 631 633 662 22
671 629 802 661 FEET.

729 711 901 754 [MARGAM
926 711 1116 752 CHARTER.]

1067 793 1108 824 26
1132 793 1207 824 Oor.
1255 794 1274 823 9
1298 793 1393 825 EDW.
1419 793 1467 825 II.
1517 794 1608 824 1315.

234 874 307 906 Hec
322 877 369 906 est
385 875 553 906 convencio
569 874 655 906 facta
671 875 755 905 inter
772 873 940 905 dominum
958 873 1149 905 Romu-nm
1165 874 1204 905 de
1221 873 1357 905 PENREs
1376 886 1415 905 ex
1438 885 1503 905 una
1518 876 1608 916 parte
1624 878 1655 906 et

192 942 398 974 MAumciUM
422 942 527 975 ADAM
550 946 582 974 et
605 942 794 975 CRISTINAM
819 954 951 974 uxorem
975 942 1046 984 ejus
1069 954 1108 974 ex
1132 943 1233 974 altera
1258 968 1264 974 .
1290 943 1437 974 videlicet
1460 944 1546 985 quod
1570 943 1656 975 idem

190 1010 369 1042 ROBERTUS
392 1011 543 1042 concessit
567 1012 599 1042 et
615 1010 750 1042 tradidit
766 1010 886 1042 eisdem
909 1010 1085 1042 MAURICIO
1101 1013 1133 1042 et
1157 1010 1318 1042 Cmsrnm
1342 1011 1383 1042 ad
1403 1011 1574 1042 terminum
1592 1011 1658 1043 vite

191 1079 357 1111 amborum
382 1079 489 1110 omnia
513 1081 696 1110 tenemeuta
721 1090 778 1110 sua
808 1079 894 1120 apud
926 1078 1105 1111 WENFROD
1136 1081 1203 1110 tam
1232 1082 1349 1111 terram
1379 1079 1532 1111 arabilem
1560 1092 1657 1122 quam

190 1150 328 1189 pratum,
355 1158 497 1189 gravam,
525 1149 556 1178 et
582 1153 708 1178 vastum
733 1158 805 1179 cum
830 1147 1036 1189 pertinenciis
1063 1147 1136 1179 suis.
1195 1147 1395 1179 Habendum
1422 1151 1453 1180 et
1480 1149 1656 1181 tenendum

189 1217 296 1248 omnia
333 1216 475 1257 predicta
512 1218 695 1247 tenementa
718 1215 870 1257 predictis
897 1215 1072 1247 MAURICIO
1103 1218 1134 1247 et
1162 1215 1324 1248 Omsrmr:
1349 1217 1427 1248 dum
1454 1217 1593 1249 vixerint
1617 1218 1655 1249 de

188 1284 330 1325 predicto
357 1284 487 1316 domino
515 1283 675 1316 Romano
702 1287 734 1315 et
758 1283 929 1315 heredibus
954 1284 1017 1315 suis
1048 1284 1156 1323 libere,
1190 1285 1306 1326 quiete⁷
1337 1284 1418 1317 bene
1449 1288 1479 1317 et
1510 1286 1544 1317 in
1569 1298 1655 1328 pace.

190 1351 369 1384 Reddendo
400 1353 474 1384 inde
505 1353 674 1384 annuatim
704 1353 847 1395 predicto
879 1352 1039 1384 RoBERTo
1070 1356 1100 1384 et
1130 1353 1300 1385 heredibus
1331 1354 1395 1385 suis
1432 1355 1472 1386 de
1506 1355 1656 1397 predictis

190 1420 365 1453 MAURICIO
387 1424 418 1453 et
443 1421 603 1454 CmsrmE
628 1422 705 1453 dum
729 1421 867 1453 vixerint
891 1433 947 1463 pro
971 1421 1114 1463 qualibet
1137 1433 1209 1453 acra
1231 1425 1298 1454 tam
1319 1425 1402 1455 terre
1417 1424 1545 1456 arabilis
1560 1436 1657 1466 quam

190 1489 284 1530 prati,
302 1500 407 1531 grave,
425 1494 457 1522 et
472 1490 563 1528 vasti,
580 1501 636 1532 per
652 1490 775 1532 virgam
793 1490 833 1521 de
850 1489 1043 1521 LANDYMOR
1060 1490 1179 1532 viginti
1195 1491 1332 1523 duorum
1355 1492 1473 1533 pedum
1497 1493 1654 1524 sexdecim

192 1557 338 1589 denarios
353 1558 579 1601 sterlingorum
597 1585 602 1590 .
621 1559 768 1590 videlicet
784 1559 825 1590 ad
842 1558 959 1590 festum
976 1559 1096 1591 Pasche
1113 1562 1145 1591 et
1156 1560 1196 1591 ad
1210 1559 1328 1592 festum
1340 1559 1449 1592 Sancti
1462 1560 1656 1593 MICHAELIS

191 1626 281 1667 equis
297 1626 496 1667 porcionibus
518 1638 574 1669 pro
597 1627 744 1659 omnibus
768 1628 839 1659 aliis
862 1628 1010 1660 serviciis.
1057 1628 1161 1660 Salvis
1184 1629 1284 1671 regali
1308 1629 1438 1661 servicio
1461 1632 1549 1661 tante
1573 1634 1655 1662 terre

190 1695 370 1736 pertinente
385 1699 417 1726 et
432 1698 516 1726 secta
531 1696 669 1727 duarum
685 1697 844 1728 curiarum
861 1708 918 1738 per
933 1708 1055 1729 annum
1071 1709 1128 1739 per
1137 1697 1359 1730 rationabilem
1372 1699 1655 1731 summonicionem

190 1765 221 1794 et
241 1763 337 1794 etiam
363 1767 446 1795 secta
470 1764 644 1796 molendini
667 1765 800 1806 predicti
826 1765 990 1798 Romam.
1038 1766 1083 1798 Et
1106 1778 1178 1798 cum
1202 1768 1287 1799 idem
1310 1767 1507 1799 MAumcms
1530 1767 1653 1807 obierit,

189 1830 279 1862 dabit
302 1831 443 1873 quinque
467 1832 582 1864 solidos
605 1833 654 1864 vel
677 1833 841 1865 meliorem
865 1834 999 1866 bestiam
1023 1846 1114 1866 suam
1137 1847 1194 1877 pro
1217 1835 1338 1867 herieto
1362 1846 1418 1867 suo
1441 1835 1475 1867 in
1498 1835 1653 1867 eleccione

187 1897 287 1940 ipsius
310 1898 463 1930 Rossssnri
495 1902 526 1930 et
548 1899 700 1932 heredum
723 1911 861 1932 suorum.
923 1901 968 1933 Et
991 1902 1016 1933 si
1040 1903 1125 1934 diota
1149 1902 1311 1935 OmsTINA
1335 1906 1409 1935 ante
1432 1903 1535 1935 virum
1559 1914 1652 1935 suum

187 1965 302 1998 obierit
328 1966 454 1998 nullum
477 1967 635 1999 herietum
663 1968 751 2000 dabit
781 1995 787 2000 .
820 1972 866 2001 set
893 1971 918 2001 si
950 1982 1022 2002 eum
1053 1971 1264 2013 supervixerit
1295 1996 1302 2001 .
1333 1972 1465 2013 plenum
1497 1972 1653 2013 persolvet

188 2033 345 2065 herietum
360 2034 394 2065 in
411 2033 514 2065 forma
528 2037 705 2076 prenotata.
753 2035 882 2068 Debent
898 2037 993 2069 etiam
1016 2039 1167 2080 sepedicti
1189 2038 1387 2071 MAURIOEUS
1409 2042 1441 2070 et
1465 2039 1625 2071 Cmsrnu
1643 2064 1650 2071 .

187 2112 283 2143 supra
297 2102 439 2144 predicta
454 2105 637 2135 tenementa
653 2115 781 2136 manere
800 2130 806 2136 .
823 2116 881 2137 nec
897 2105 1005 2137 licebit
1021 2106 1140 2138 eisdem
1155 2107 1251 2138 alicui
1266 2107 1441 2139 terminum
1456 2119 1549 2139 suum
1566 2108 1651 2147 dare,

185 2171 321 2202 vendere
348 2171 399 2202 vel
425 2171 541 2213 legare.
599 2171 645 2204 Et
666 2173 828 2214 predictus
859 2173 1039 2206 Ronssmvs
1070 2177 1102 2206 et
1132 2175 1263 2207 heredes
1293 2175 1342 2207 sui
1372 2177 1480 2208 omnia
1509 2177 1651 2218 predicta

185 2241 368 2271 momenta
391 2251 462 2272 cum
485 2241 690 2282 pertinenciis
713 2242 777 2274 suis
800 2242 950 2284 predictis
976 2243 1151 2275 Minmcm
1173 2247 1204 2276 et
1229 2244 1389 2276 Cmsrmn
1414 2248 1522 2276 eontra
1543 2256 1652 2276 omncs
