1820 2548
1539 210 1621 241 1047

787 379 1083 413 DCCCLXXXV.

201 463 362 496 GRANT
397 463 462 496 BY
497 463 573 496 SIR
605 462 825 495 WILLIAM
856 461 921 494 DE
950 461 1249 500 BERKEROLE,
1283 460 1404 499 KNT„
1433 460 1490 493 ΤΟ
1525 461 1663 492 ADAM

309 532 373 564 DE
423 531 705 570 BRIDEPORT,
753 529 1012 569 CHAPLAIN,
1058 529 1117 561 OF
1172 528 1447 561 MESSUAGES
1501 529 1555 561 IN
1600 529 1661 561 ST.

309 600 524 639 ATHAN’S,
563 598 969 637 BONEVILESTONE,
1008 597 1109 630 AND
1154 597 1426 636 LANDEFEY,
1466 597 1520 629 IN
1566 597 1664 629 THE

309 669 401 701 FEE
437 668 496 700 OF
533 667 739 706 OGMORE,
774 667 807 699 A
844 666 1019 700 WATER
1053 666 1183 705 MILL,
1220 667 1252 698 A
1287 665 1503 698 FULLING
1535 665 1665 705 MILL,

309 737 418 776 ETG.‚
442 737 535 769 FOR
558 736 653 769 ONE
677 735 918 768 HUNDRED
943 735 1140 768 POUNDS.

739 817 913 860 [MARGAM
937 816 1130 859 CHARTER]

1043 898 1083 928 15
1106 897 1200 929 MAY.
1248 898 1288 929 10
1312 897 1407 929 EDW.
1433 897 1482 929 H.
1531 898 1623 929 1317.

244 980 354 1013 Sciant
384 984 545 1022 presentes
575 983 606 1013 et
638 980 741 1012 futuri
775 981 861 1022 quod
899 991 960 1022 ego
1000 979 1212 1012 WILLELMUS
1250 979 1289 1010 de
1329 978 1540 1011 Bam-:Rom
1578 979 1670 1011 miles

199 1049 274 1081 dedi
300 1049 435 1081 concessi
462 1053 494 1081 et
518 1048 577 1080 hac
604 1049 744 1090 presenti
771 1051 857 1080 carta
884 1059 954 1080 mea
983 1048 1166 1080 confirmavi
1191 1048 1321 1080 domino
1348 1047 1454 1079 ADAM
1478 1049 1518 1079 de
1541 1048 1670 1080 anE-

200 1128 284 1149 PORT
311 1118 474 1159 capellano
506 1120 643 1159 quatuor
673 1117 852 1159 messuagia
883 1117 917 1148 in
947 1116 1064 1149 Sancto
1095 1116 1252 1148 TATnAx'
1282 1116 1551 1148 BONVELEsroxE
1577 1121 1608 1148 et
1635 1117 1670 1148 in

198 1185 389 1218 LANDEFEY
422 1187 457 1218 in
494 1186 588 1218 feodo
621 1187 660 1218 de
698 1186 866 1218 OGEMORE
898 1197 999 1217 unum
1029 1185 1250 1217 molendinum
1284 1185 1468 1227 aquaticum
1502 1190 1534 1217 et
1569 1197 1670 1218 unum

198 1255 420 1287 molendinum
457 1255 650 1287 fullonicum
689 1258 826 1297 quatuor
864 1257 1026 1286 carucatas
1063 1257 1146 1286 terre
1183 1254 1301 1296 viginti
1339 1254 1482 1296 quinque
1521 1266 1608 1286 acras
1640 1258 1672 1287 et

198 1323 367 1355 dimidiam
397 1323 482 1365 prati
512 1324 681 1366 sexaginta
711 1334 798 1355 aeras
824 1325 907 1354 terre
938 1322 1067 1354 arabilis
1104 1325 1168 1354 tres
1198 1334 1286 1355 acras
1317 1322 1402 1355 bosci
1433 1323 1672 1366 quinquaginta

202 1403 257 1424 sex
287 1403 375 1424 acras
404 1400 533 1434 pasture
563 1392 731 1434 sexaginta
762 1403 850 1424 acras
879 1391 961 1423 vasti
991 1396 1024 1423 et
1062 1402 1177 1423 novem
1216 1391 1348 1423 libratas
1387 1391 1488 1423 annui
1527 1392 1672 1424 redditus

197 1461 283 1492 unde
308 1461 439 1492 domina
471 1460 492 1492 J
495 1471 637 1492 OHANNA
660 1461 700 1492 de
722 1460 938 1492 BAscAvaLE
969 1459 1065 1492 habet
1096 1461 1204 1492 dotem
1236 1460 1271 1491 in
1303 1471 1369 1492 una
1403 1463 1550 1492 carucata
1586 1464 1669 1492 terre

198 1531 229 1561 et
259 1529 294 1560 in
324 1529 442 1571 viginti
474 1529 582 1560 solidis
612 1529 712 1560 annui
742 1529 887 1560 redditus
925 1529 1054 1570 quaudo
1085 1528 1248 1570 adjecerit.
1310 1528 1512 1561 Habendum
1553 1532 1585 1561 et
1622 1533 1670 1561 te-

201 1598 345 1629 nendum
369 1597 511 1639 predicta
538 1600 675 1639 quatuor
697 1597 878 1639 messuagia
905 1608 1006 1628 umun
1036 1597 1258 1629 molendium
1289 1598 1474 1639 aquaticum
1505 1601 1537 1629 et
1567 1609 1670 1630 unum

196 1666 421 1698 molendium
455 1665 645 1697 fullonicum
680 1668 818 1708 quatuor
855 1669 1017 1698 carucatas
1055 1669 1138 1698 terre
1176 1666 1295 1709 viginti
1332 1667 1474 1708 quinque
1512 1678 1599 1699 acras
1636 1670 1669 1699 et

197 1734 365 1766 dimidiam
398 1734 483 1776 prati
510 1734 678 1776 sexaginta
705 1745 792 1766 acras
819 1737 902 1766 terre
933 1734 1062 1766 arabilis
1093 1738 1158 1766 tres
1189 1746 1277 1766 acras
1310 1735 1396 1767 bosci
1428 1735 1667 1778 quinquaginta

196 1813 251 1835 sex
281 1813 369 1834 acras
391 1804 520 1844 pasture
545 1802 713 1845 sexaginta
735 1813 822 1834 acras
845 1803 927 1834 vasti
950 1808 981 1834 et
1005 1814 1120 1835 novem
1146 1803 1278 1835 libratas
1300 1804 1401 1836 annui
1425 1804 1570 1836 redditus
1593 1816 1666 1836 cum

195 1871 270 1902 dote
292 1870 514 1912 prenominata
538 1870 667 1911 quando
689 1870 842 1912 adjecerit
864 1873 895 1902 et
922 1882 994 1902 cum
1020 1870 1168 1903 omnibus
1195 1871 1266 1903 aliis
1291 1872 1496 1914 pertinenciis
1522 1873 1664 1914 predicto

194 1938 324 1970 domino
339 1938 417 1970 ΑΒΕ
434 1938 598 1980 capellano
614 1941 645 1970 et
661 1938 831 1970 heredibus
847 1939 912 1970 suis
931 1942 962 1971 et
978 1939 1043 1971 suis
1063 1940 1234 1982 assignatis
1256 1940 1296 1972 de
1317 1940 1507 1982 capitalibus
1527 1941 1665 1973 dominis

194 2006 361 2038 feodorum
402 2018 458 2048 per
500 2006 633 2038 servicia
673 2018 734 2048 que
771 2007 812 2038 ad
849 2007 906 2039 ina
942 2010 1125 2040 tenementa
1163 2009 1323 2050 pertinent
1361 2009 1434 2051 jure
1471 2009 1664 2041 hereditario

193 2075 428 2117 inperpetuum.
490 2074 554 2107 Pro
578 2075 638 2107 hac
669 2078 776 2107 autem
807 2076 981 2107 donaoione
1012 2077 1208 2109 concessione
1239 2079 1270 2108 et
1297 2078 1452 2119 presentis
1482 2081 1566 2110 carte
1594 2089 1662 2109 mee

190 2143 429 2176 confirmatione
453 2144 543 2175 dedit
565 2143 645 2175 mihi
669 2144 830 2186 predictus
853 2145 1000 2176 dominus
1023 2144 1130 2176 ADAM
1158 2148 1286 2177 eentum
1310 2145 1407 2178 libras
1434 2146 1661 2189 sterlingorum

193 2211 406 2254 premanibus.
453 2211 499 2243 Et
515 2223 575 2253 ego
591 2212 740 2244 dominus
756 2211 970 2245 Wmmzmns
986 2212 1117 2245 heredes
1133 2213 1196 2245 mei
1212 2216 1243 2245 et
1264 2214 1327 2245 mei
1343 2214 1497 2256 assignati
1521 2215 1663 2256 predicta

195 2282 332 2322 quatuor
347 2281 526 2322 messuagia
542 2283 599 2312 etc.
618 2283 676 2313 etc.
699 2281 840 2323 predicto
862 2281 992 2313 domino
1011 2281 1088 2313 ΑΒΕ
1110 2282 1273 2324 capellano
1297 2285 1328 2314 et
1352 2282 1520 2314 heredibus
1544 2283 1607 2315 suis
1632 2287 1664 2315 et
