1820 2548
1529 176 1592 207 905

793 339 1015 373 DCCXOIII.

170 423 300 458 WRIT
338 423 397 456 OF
442 422 654 456 EDWARD
695 421 723 454 Ι.
762 421 820 454 ΤΟ
860 419 1068 454 GILBERT
1105 419 1169 452 DE
1208 418 1374 456 OLARR
1411 418 1537 450 EARL
1575 417 1634 450 OF

280 491 588 525 GLOUOESTER
617 490 720 523 AND
754 489 1027 528 HERTFORD,
1058 488 1116 521 ΤΟ
1147 487 1362 521 DELIVER
1392 486 1490 519 THE
1521 487 1634 519 TEM-

280 559 563 594 PORALITOES
601 559 660 592 OF
697 558 796 591 THE
834 557 919 590 SEE
958 557 1018 589 OF
1062 556 1322 589 LLANDAFF
1359 555 1416 588 ΤΟ
1462 555 1636 588 BISHOP

280 629 408 662 JOHN
438 628 502 661 DE
532 626 820 660 MONMOUTH.

212 711 310 754 [Ror.
328 711 420 751 Pu„
437 711 478 742 23
495 709 591 742 Enw.
608 709 649 749 1.,
665 720 701 741 M.
720 710 780 748 153
805 708 845 740 Β.
863 707 1006 748 Wuns,
1023 707 1164 740 Summe
1179 717 1219 738 or
1235 706 1435 745 LLANDAFF,
1451 717 1481 748 p.
1501 705 1591 748 140]

1104 790 1125 820 4
1140 787 1204 820 ΑΡ.
1250 788 1291 819 23
1307 787 1404 819 Enw.
1422 786 1450 819 I.
1499 787 1592 819 1295.

238 873 361 905 Bnssvn
384 872 493 904 REGIS
515 883 560 904 AD
583 871 809 904 TEMPORALIA
833 870 990 902 JOHANNI
1014 880 1058 900 DE
1081 869 1284 901 MONMOUTH
1313 893 1319 900 .
1347 867 1572 900 LANDAYENSI

674 939 837 971 Emscopo
862 965 868 971 .
895 948 1137 970 RESTITUENDA.

215 1022 288 1055 Rex
325 1022 441 1054 dilecto
471 1023 504 1054 et
537 1021 624 1053 fideli
654 1032 711 1053 suo
749 1019 924 1053 Gusnnro
961 1019 1001 1051 de
1040 1018 1166 1057 Omns,
1197 1018 1306 1050 comiti
1337 1017 1579 1050 GLOUCESTMAE
1609 1020 1641 1050 et

174 1091 424 1129 HERTFORmAE,
441 1090 586 1124 salutem.

217 1160 300 1194 Cum
315 1159 405 1192 vobis
425 1162 457 1191 et
477 1142 671 1191 charissimae
692 1157 768 1190 filiae
782 1160 900 1189 nostrae
921 1157 943 1190 J
945 1167 1096 1189 OHANNAE
1117 1156 1254 1188 consorti
1269 1158 1383 1187 vestrae
1399 1156 1643 1188 concesserimus

172 1229 351 1262 custodiam
375 1228 574 1270 episcopatus
598 1226 840 1259 LANDAVENSIS
856 1237 986 1258 -necnon
1013 1228 1045 1257 et
1070 1224 1215 1257 omnium
1238 1224 1470 1256 dominicorum
1494 1227 1526 1256 et
1553 1227 1627 1256 tene

174 1300 356 1330 mentorum
383 1297 424 1329 ad
449 1296 667 1339 episcopatum
691 1295 785 1327 iflum
811 1294 1023 1337 spectantium
1047 1296 1078 1325 et
1102 1294 1137 1325 in
1163 1293 1322 1325 dominico
1347 1304 1402 1325 seu
1424 1293 1518 1325 feodo
1540 1297 1646 1325 vestro

175 1366 383 1399 existentium
398 1367 540 1407 tempore
556 1363 730 1396 vacationis
746 1364 946 1406 episcopatus
962 1363 1118 1405 ejusdem,
1137 1361 1322 1394 habendum
1337 1361 1426 1394 vobis
1446 1364 1478 1393 et
1500 1361 1644 1403 praefatae

175 1435 250 1467 filiae
275 1436 392 1466 nostrae
417 1434 459 1465 ad
481 1435 584 1465 totam
607 1433 708 1464 vitam
730 1435 869 1465 vestram
893 1434 1036 1474 tempore
1058 1431 1124 1469 illo,
1148 1430 1235 1462 salva
1256 1429 1348 1462 nobis
1370 1429 1524 1462 fidelitate
1547 1429 1647 1471 ipsius

177 1515 273 1547 quem
297 1504 331 1535 in
357 1503 503 1546 ejusdem
526 1502 588 1534 loci
611 1502 793 1544 episcopum
818 1501 990 1544 contigerit
1013 1500 1203 1540 confirmari,
1227 1503 1323 1542 prout
1349 1500 1383 1531 in
1408 1499 1510 1531 literis
1532 1499 1649 1531 nostris

176 1571 361 1616 patentibus
385 1571 474 1604 vobis
499 1574 531 1603 et
556 1570 701 1613 praefatae
726 1570 863 1603 consorti
886 1572 1002 1602 vestrae
1029 1570 1104 1601 inde
1127 1568 1280 1601 confectis
1304 1568 1431 1610 plenius
1456 1568 1646 1607 continetur,

176 1652 212 1673 ac
243 1639 433 1673 venerabilis
463 1642 554 1682 pater
577 1639 618 1671 R.
641 1639 916 1671 CANTUARIENs1s
939 1638 1201 1680 archiepiscopus,
1225 1637 1324 1669 totius
1346 1637 1495 1669 ANGLLAE
1517 1637 1646 1678 primas,

177 1709 352 1742 cathedrali
370 1709 507 1741 eoelesiae
528 1707 755 1740 LANDAVENffl
771 1708 811 1740 de
827 1706 1001 1740 venerabili
1017 1706 1085 1738 viro
1102 1706 1256 1748 magistro
1275 1705 1297 1737 J
1299 1716 1440 1737 onANNE
1462 1705 1501 1736 de
1526 1704 1646 1736 Mem-:-

177 1789 276 1811 unm
307 1777 497 1810 auctoritate
527 1776 700 1819 apostolica
733 1776 919 1819 providerit,
950 1779 982 1808 et
1012 1775 1118 1818 ipsum
1147 1775 1182 1806 in
1213 1775 1359 1817 ejusdem
1389 1773 1449 1805 loci
1479 1773 1647 1815 profecerit

176 1847 359 1890 episcopum
383 1848 415 1878 et
442 1848 610 1888 pastorem,
638 1845 720 1877 sicut
746 1856 802 1887 per
828 1845 937 1876 literas
963 1844 1109 1887 ejusdem
1136 1842 1362 1884 archiepiscopi
1386 1844 1531 1884 patentes
1554 1841 1646 1874 nobis

177 1917 322 1953 oonstat;
361 1925 418 1946 nos
448 1913 635 1956 hujusmodi
672 1913 885 1955 provisionem
915 1915 947 1944 et
983 1912 1212 1954 prefectionem
1257 1913 1466 1952 acceptantes,
1505 1910 1646 1952 cepimus

179 1983 367 2015 fidelitatem
405 1982 505 2024 ipsius
536 1982 682 2023 magistri
719 1981 903 2019 Jonams,
935 1983 967 2013 ct
997 1980 1185 2022 temporalia
1219 1979 1418 2021 episcopatus
1447 1979 1581 2020 predicti
1610 1978 1645 2010 in

178 2062 293 2083 manus
318 2052 442 2083 nostras
467 2050 647 2085 existentia.
672 2052 767 2092 prout
793 2049 890 2082 moris
920 2052 977 2087 est,
1005 2048 1203 2080 restituimus
1227 2047 1340 2079 eidem.
1388 2047 1432 2078 Et
1456 2047 1528 2078 ideo
1555 2046 1644 2079 vobis

179 2120 371 2151 mandamus
395 2118 481 2160 quod
502 2118 691 2160 tempomlia
715 2118 914 2160 episcopatus
938 2117 1072 2159 predicti
1099 2116 1133 2148 in
1157 2116 1317 2148 dominico
1343 2127 1398 2147 seu
1423 2115 1519 2147 feudo
1540 2118 1644 2147 vestro

180 2199 219 2220 ex
241 2187 439 2220 concessione
457 2189 566 2218 nostra
587 2186 768 2225 existentia,
790 2186 871 2218 sicut
891 2185 1085 2228 praedictum
1104 2187 1161 2223 est,
1185 2185 1289 2216 eidem
1310 2184 1464 2226 magistro
1486 2183 1509 2216 J
1510 2194 1643 2215 οΗΑΝΝι

180 2255 248 2288 sine
263 2255 417 2287 dilatione
434 2253 585 2286 liberatis.
633 2253 727 2286 Teste
744 2253 836 2296 Rege
851 2254 938 2296 apud
953 2253 1218 2286 Asnncosnwm'
1235 2278 1242 2284 .
1259 2255 1372 2294 quarto
1388 2252 1440 2284 die
1455 2251 1588 2294 Aprilis.

333 2359 386 2385 50
