1820 2548
211 235 293 265 1044

732 461 1056 494 DCCCLXXXIII.

163 556 446 593 QUIT·CLA1M
485 556 549 588 BY
584 555 761 588 HOWEL
791 554 892 587 AND
928 553 1130 592 THOMAS,
1163 552 1274 586 SONS
1310 552 1368 584 OF
1404 552 1622 585 WILLIAM

270 625 331 658 ΑΡ
355 624 542 661 HOWEL,
566 624 623 656 TO
648 623 724 656 SIR
755 622 942 655 ROBERT
976 622 1040 654 DE
1072 621 1265 661 PENRES,
1301 621 1360 653 OF
1394 620 1525 653 LAND
1560 620 1622 654 AT

271 693 462 726 REUROZ
486 693 539 725 IN
562 691 829 725 LANDEMOR
852 691 953 723 FEE.

698 772 872 815 [MARGAM
896 771 1087 814 CHARTER]

1020 853 1059 884 10
1075 851 1168 884 MAR.
1218 852 1256 883 10
1273 851 1368 883 Enw.
1387 850 1435 883 II.
1483 851 1577 883 1317.

203 937 316 969 Pateat
338 936 493 968 universis
516 946 571 977 per
594 937 754 976 presentes
776 934 862 975 quod
885 944 942 965 nos
967 932 1100 965 Howm
1127 935 1158 964 et
1183 932 1325 964 Tnoms
1346 932 1404 964 filii
1431 931 1619 965 Wmmm

159 1016 198 1048 ap
225 1005 358 1037 Howen
382 1004 562 1036 remisimus
586 1002 801 1034 relaxavimus
825 1006 857 1033 et
882 1001 1012 1033 omnino
1042 1012 1099 1043 pro
1128 1000 1219 1033 nobis
1245 1003 1277 1032 et
1307 1000 1477 1032 heredibus
1502 999 1618 1032 nostris

157 1075 301 1116 quietum
317 1073 524 1105 clamavimus
546 1072 781 1113 imperpetuum
805 1070 934 1102 domino
958 1069 1117 1101 Rossmro
1139 1069 1179 1101 de
1202 1068 1338 1100 PENRES
1361 1067 1530 1100 heredibus
1552 1067 1618 1100 suis

158 1145 189 1174 et
214 1142 383 1184 assignatis
410 1143 514 1173 totum
539 1140 592 1181 jus
618 1142 763 1171 nostrum
789 1140 819 1170 et
848 1138 997 1170 elamium
1021 1138 1105 1179 quod
1129 1137 1283 1169 habemus
1308 1137 1358 1168 vel
1384 1136 1492 1178 aliquo
1525 1136 1619 1168 modo

157 1209 273 1242 habere
299 1209 473 1252 poterimus
499 1209 533 1240 in
554 1207 701 1240 omnibus
723 1207 815 1238 terris
837 1209 868 1238 et
889 1206 1079 1238 tenementis
1100 1216 1161 1247 que
1186 1205 1399 1238 W1L121m1us
1423 1216 1462 1246 ap
1484 1204 1618 1236 HownL

158 1279 321 1320 quondam
338 1277 442 1309 tenuit
458 1277 544 1319 apud
561 1276 700 1307 Rm'koz
716 1275 750 1306 in
774 1274 867 1306 feodo
889 1274 928 1305 de
955 1273 1159 1305 LANDEMOR.
1207 1272 1260 1304 Ita
1283 1272 1429 1304 videlieet
1452 1273 1537 1314 quod
1561 1283 1619 1303 nee

157 1357 215 1379 nos
230 1357 287 1378 neo
302 1346 434 1378 heredes
456 1345 556 1377 nostri
579 1355 636 1376 nee
660 1343 775 1385 aliquis
798 1354 854 1385 per
877 1353 934 1374 nos
956 1343 1006 1374 vel
1029 1353 1086 1384 pro
1108 1341 1200 1374 nobis
1215 1341 1337 1382 aliquid
1352 1341 1434 1383 juris
1449 1340 1499 1372 vel
1515 1340 1619 1372 elamii

157 1415 300 1446 decetero
316 1414 349 1445 in
366 1413 459 1444 dietis
474 1413 566 1444 terris
581 1416 612 1443 et
636 1412 827 1444 tenementis
842 1411 970 1453 exigere
990 1411 1040 1442 vel
1057 1411 1192 1442 clamare
1207 1409 1358 1442 debemus
1375 1421 1431 1442 nee
1446 1409 1620 1451 poterimus

157 1486 203 1515 set
230 1494 287 1524 per
316 1492 444 1524 presens
473 1481 627 1523 sen'ptum
650 1481 749 1512 simus
779 1480 898 1512 exclusi
927 1480 1173 1521 imperpetuum.
1232 1478 1277 1510 Et
1309 1479 1334 1509 si
1365 1479 1532 1521 contingat
1561 1489 1618 1510 nos

156 1551 287 1583 heredes
314 1553 436 1582 nostros
462 1549 513 1581 vel
538 1549 677 1590 aliquem
703 1560 760 1590 per
784 1559 841 1580 nos
866 1548 916 1579 vel
940 1558 997 1589 pro
1022 1547 1113 1579 nobis
1136 1547 1221 1588 quod
1248 1547 1426 1588 predictum
1453 1546 1620 1578 dominum

158 1620 348 1652 Romnum
365 1618 415 1650 vel
431 1618 561 1649 heredes
575 1617 674 1659 ipsius
690 1617 740 1648 vel
757 1617 895 1658 aliquem
912 1616 1012 1647 elium
1027 1615 1082 1657 qui
1099 1615 1184 1647 dicta
1206 1617 1390 1647 tenemento,
1413 1626 1452 1647 ex
1475 1615 1618 1657 assigna-

159 1689 248 1720 eione
270 1688 347 1719 dieti
371 1686 493 1719 domini
517 1686 669 1718 Rossmm
691 1685 743 1717 vel
766 1685 921 1716 heredum
941 1695 1068 1716 suorum
1089 1684 1226 1715 tenuerit
1253 1684 1287 1715 in
1312 1694 1511 1725 quacumque
1534 1683 1620 1715 ‹zm-ia

158 1755 355 1797 implacitare
377 1754 593 1786 voluerimus.
612 1753 812 1785 concedimus
835 1753 920 1794 quod
942 1752 1046 1784 dictus
1068 1751 1216 1783 dominus
1238 1751 1418 1782 Romanrus
1441 1750 1557 1783 habeat
1579 1751 1620 1782 de

159 1823 250 1855 bonis
276 1823 391 1855 nostris
414 1822 532 1864 viginti
557 1833 677 1853 marcas
698 1821 924 1863 sterlingorum
948 1820 1021 1861 puri
1045 1819 1145 1851 debiti
1171 1819 1337 1851 solvendas
1362 1819 1466 1850 eidem
1491 1818 1620 1850 domino

161 1892 319 1924 Rosssk‘ro
334 1891 386 1922 vel
401 1902 456 1922 suo
472 1893 632 1922 attornato
648 1889 734 1921 infra
748 1899 889 1920 mensem
906 1890 975 1930 post
992 1887 1176 1929 hujusmodi
1192 1887 1257 1918 litis
1273 1887 1518 1919 inehoacionem.
1564 1886 1620 1918 Ad

159 1971 255 2001 quam
271 1960 402 2001 quidam
419 1958 611 1990 solucionem
628 1957 807 1999 obligamus
823 1967 879 1987 nos
897 1981 902 1986 .
920 1956 1050 1987 heredes
1066 1958 1189 1987 nostros
1205 1980 1211 1986 .
1228 1958 1259 1986 et
1275 1958 1456 1986 executores
1469 1957 1499 1985 et
1512 1954 1619 1986 omnia

161 2028 244 2060 bona
270 2030 377 2058 nostra
405 2025 535 2058 mobilia
558 2028 589 2057 et
610 2024 785 2057 immobilia
812 2023 1004 2056 districcioni
1029 2023 1151 2054 domini
1177 2022 1360 2054 Gounmm:
1384 2025 1421 2053 ut
1443 2033 1500 2054 nos
1522 2022 1619 2063 possit

162 2096 353 2136 distringere
370 2106 426 2136 per
441 2094 548 2126 omnia
561 2093 645 2125 bona
661 2100 769 2125 nostra
785 2095 815 2124 et
832 2092 947 2124 catella.
961 2091 1092 2123 mobilia
1115 2094 1146 2122 et
1169 2090 1345 2122 immobilia
1369 2091 1418 2121 vel
1441 2101 1497 2131 per
1519 2090 1620 2121 incar-

161 2164 355 2196 ceraeionem
373 2174 428 2204 pro
444 2162 609 2193 voluntate
625 2161 758 2203 predicti
774 2160 898 2192 domini
915 2159 1066 2191 Roumm
1084 2160 1183 2190 donee
1199 2159 1301 2190 eidem
1317 2158 1447 2189 domino
1461 2158 1619 2189 Ronmro

162 2233 202 2264 de
218 2231 359 2273 predicta
375 2230 508 2272 pec-unia
531 2230 625 2261 fuerit
650 2229 856 2260 satisfactum.
904 2228 945 2259 In
965 2227 1015 2269 cuj
1022 2239 1057 2259 us
1079 2227 1125 2258 rei
1145 2227 1363 2258 testimonium
1388 2226 1495 2267 sigilla
1515 2228 1623 2257 nostra

163 2298 362 2342 presentibus
378 2301 452 2329 sunt
469 2309 616 2339 appensa.
