1820 2548
1553 238 1635 269 1147

209 395 336 427 sacione
351 395 510 427 dictorum
525 395 739 437 dampnorum
754 393 938 436 pacabimus
947 394 1033 426 infra
1045 394 1219 426 terminum
1232 394 1325 426 dictis
1336 394 1500 426 monachis
1511 394 1679 437 sexaginta

206 474 338 496 marcas.
385 463 426 496 In
442 464 546 506 primo
561 474 646 495 anno
661 463 809 495 videlicet
825 463 866 495 ad
881 463 1001 495 festum
1016 462 1127 495 Sancti
1142 462 1164 495 J
1166 473 1261 494 ACOBI
1278 463 1413 505 apostoli
1428 464 1537 495 decem
1552 475 1674 496 marcas

211 534 245 563 et
259 532 300 563 ad
317 532 436 564 festmn
452 532 597 564 omnium
612 530 803 563 Sanctorum
820 542 954 573 sequens
975 531 1083 563 decem
1105 542 1227 563 marcas
1248 531 1346 563 simili
1368 532 1464 564 modo
1486 533 1624 564 secundo
1647 534 1679 564 et

209 600 309 633 tercio
325 612 420 632 anno.
467 600 502 632 Si
517 611 591 632 vero
601 600 642 632 de
655 599 747 632 nobis
756 599 944 632 humanitus
956 599 1042 631 infra
1053 600 1175 632 dictum
1186 603 1314 642 tempus
1324 600 1494 643 contigerit
1505 600 1636 632 heredes
1647 603 1679 633 et.

210 670 306 702 amici
320 669 421 701 nostri
437 669 557 700 dictem
572 668 742 711 pecuniam
758 668 852 699 dictis
874 668 967 700 terris
990 668 1154 700 monachis
1174 668 1326 711 predictis
1347 668 1485 701 fideliter
1507 668 1677 711 pacabunt.

211 739 351 781 Insuper
372 740 480 770 autem
504 749 561 770 nos
583 739 616 769 et
638 737 770 770 heredes
793 737 893 769 nostri
916 737 1053 780 singulis
1075 738 1169 770 annis
1191 738 1232 770 ad
1254 737 1373 770 festum
1398 737 1507 770 Sancti
1530 738 1679 770 ANDm-:n

211 807 347 850 apostoli
361 806 481 849 viginti
497 805 613 838 solidos
635 806 730 837 dictis
752 805 845 838 terris
867 805 1031 838 monachis
1054 806 1183 838 nomine
1205 806 1350 838 redditus
1373 806 1530 838 solvemus
1552 806 1586 837 in
1609 817 1679 848 per-

212 880 355 919 petuum.
403 875 539 907 Necnon
555 877 587 906 et
602 874 782 917 predictum
797 875 960 906 redditum
977 886 1072 917 quem
1087 886 1144 917 pro
1159 875 1318 917 prioribus
1327 875 1477 917 dampnis
1492 875 1681 917 supradictis

213 944 378 977 monachis
391 955 409 975 a
419 943 512 976 nobis
521 943 620 975 illatis
633 943 673 975 ad
685 942 804 975 festum
814 943 925 975 Sancti
936 943 1132 975 anAELls
1141 944 1273 975 reddere
1282 944 1503 976 consuevimus
1511 944 1682 976 reddemus

214 1016 310 1056 prout
326 1015 411 1045 carte
427 1015 534 1044 nostre
550 1022 629 1054 quas
641 1011 760 1043 eisdem
771 1011 936 1044 monachis
947 1011 1081 1044 fecimus
1092 1014 1251 1044 testantur
1263 1015 1294 1044 et
1303 1012 1362 1044 hoc
1374 1012 1522 1044 similiter
1531 1012 1589 1044 sub
1599 1023 1682 1055 pena

213 1083 311 1114 unius
325 1093 430 1113 marce
446 1081 508 1113 nisi
524 1081 602 1113 dicti
617 1081 762 1113 redditus
777 1092 796 1112 a
811 1080 903 1113 nobis
919 1085 949 1113 et
971 1080 1141 1113 heredibus
1156 1081 1273 1114 nostris
1294 1081 1381 1114 infra
1404 1082 1594 1124 quindecem
1617 1081 1684 1113 dies

213 1163 232 1184 a
241 1151 335 1183 dictis
344 1150 437 1182 terris
446 1150 673 1192 inperpetuum
689 1150 811 1181 fuerint
822 1149 985 1192 persoluti.
1032 1149 1055 1182 J
1056 1150 1218 1182 m·avimus
1233 1150 1363 1192 insuper
1379 1162 1474 1193 super
1488 1153 1686 1182 sacrosancta.

208 1220 338 1252 ecclesie
354 1220 393 1251 de
409 1218 564 1251 MARGAN
581 1219 668 1260 quod
683 1229 851 1260 nimquam
875 1230 932 1251 nos
955 1230 1013 1251 nec
1035 1219 1180 1251 homines
1202 1219 1304 1251 nostri
1326 1230 1385 1250 nec
1407 1219 1523 1261 aliquis
1546 1230 1602 1261 per
1623 1230 1682 1251 nos

211 1287 405 1321 intrabimus
420 1298 493 1320 cum
509 1286 702 1319 animalibus
718 1287 836 1319 scilicet
853 1288 984 1330 equiciis
999 1287 1101 1319 bobus
1117 1287 1219 1330 capris
1233 1287 1336 1329 porcis
1359 1299 1414 1319 seu
1437 1287 1622 1319 bidentibus
1644 1288 1686 1320 ad

212 1358 386 1400 pascendas
409 1360 509 1388 terras
531 1356 690 1388 dictorum
713 1355 942 1388 monachorum
965 1356 1032 1388 ullo
1055 1359 1197 1398 tempore
1221 1357 1298 1388 anni
1321 1356 1389 1388 sine
1409 1356 1538 1399 speciali
1553 1356 1685 1388 licencia

212 1425 337 1458 abbatis
352 1425 403 1457 vel
419 1425 533 1467 prioris
548 1436 606 1456 nec
622 1425 656 1456 in
672 1424 820 1457 domibus
835 1436 946 1457 eorum
962 1424 1163 1457 manebimus
1178 1436 1236 1457 nec
1251 1424 1286 1457 in
1303 1436 1386 1467 aqua
1401 1425 1440 1457 de
1456 1425 1583 1457 Nmmz
1599 1424 1686 1456 infra

214 1494 332 1525 divisas
348 1493 510 1526 dictorum
526 1493 754 1525 monachorum
766 1493 960 1535 piscabimur
975 1494 1094 1526 scilicet
1105 1493 1407 1526 ABERCLEUDAL’CH
1421 1496 1452 1525 et
1460 1493 1685 1525 ABERWRACH

215 1573 273 1594 nec
289 1562 368 1594 alios
384 1561 470 1593 idem
485 1562 586 1593 facere
602 1573 659 1604 pro
674 1561 795 1594 viribus
810 1562 927 1594 nostris
941 1562 1173 1605 permittemus.
1220 1562 1266 1594 Et
1284 1565 1322 1594 ut
1341 1562 1399 1594 hec
1420 1563 1528 1595 omnia
1543 1563 1686 1605 predicta

213 1643 233 1663 a
262 1630 354 1663 nobis
385 1633 417 1662 et
447 1629 617 1662 heredibus
647 1631 765 1663 nostris
794 1631 931 1663 fideliter
968 1634 1000 1663 et
1034 1631 1101 1663 sine
1131 1631 1204 1663 dolo
1242 1634 1414 1663 teneantur
1450 1631 1484 1663 in
1522 1634 1684 1673 posterum

212 1699 373 1732 voluimus
389 1699 474 1741 quod
491 1699 517 1730 si
533 1701 642 1731 contra
657 1698 740 1730 hane
756 1702 876 1731 cartam
891 1702 1034 1732 nostram
1049 1711 1107 1732 nos
1128 1711 1183 1732 seu
1205 1699 1336 1732 heredes
1358 1700 1459 1732 nostri
1482 1700 1590 1732 venire
1612 1711 1683 1742 pre-

213 1767 442 1810 sumpserimus
457 1767 631 1808 aliquando
644 1768 729 1809 quod
742 1767 823 1799 absit
834 1772 871 1799 ut
883 1768 992 1800 statim
1005 1768 1327 1800 excommunicationi
1339 1768 1560 1810 subjaceamus
1572 1771 1604 1800 et
1615 1771 1683 1800 tota

209 1840 296 1868 terra
310 1838 419 1867 nostra
434 1835 605 1867 interdicto
626 1839 765 1877 ponatur
788 1836 855 1867 sine
879 1836 1036 1868 dilacione
1060 1862 1066 1868 .
1092 1835 1145 1868 Ita
1168 1836 1263 1879 plane
1286 1844 1323 1868 ut
1346 1836 1541 1869 cessantibus
1564 1837 1682 1869 divinis

211 1914 374 1937 careamus
388 1914 446 1935 nos
462 1906 493 1934 et
508 1903 655 1935 homines
670 1904 771 1936 nostri
785 1904 930 1936 fidelium
943 1905 1138 1947 sepulturam
1149 1906 1250 1937 donee
1260 1906 1402 1947 plenarie
1415 1906 1508 1937 dictis
1517 1906 1681 1938 monachis

214 1972 470 2005 satisfecerimus.
538 1971 583 2003 Et
620 1972 662 2003 ad
687 1972 843 2014 majorem
876 1973 1077 2005 securitatem
1115 1974 1259 2006 omnium
1297 1974 1551 2016 supradictorum
1588 1974 1681 2007 dictis

211 2040 376 2073 monachis
405 2040 463 2071 hos
486 2040 611 2083 plegios
637 2040 840 2073 inveniemus
864 2041 1011 2074 videlicet
1038 2041 1228 2074 LEYSANUM
1255 2043 1358 2074 filium
1383 2042 1549 2074 MoRGAm
1577 2042 1680 2074 cnm

211 2110 379 2142 dominum
394 2112 539 2140 nostrum
555 2112 587 2140 et
602 2108 734 2141 heredes
757 2109 902 2152 ejusdem
926 2136 932 2142 .
959 2109 1062 2153 Cujus
1084 2111 1214 2143 consilio
1236 2111 1435 2143 concessione
1458 2114 1489 2143 et
1513 2111 1679 2143 voluntate

212 2178 295 2210 hanc
321 2177 521 2209 concordiam
548 2177 682 2210 fecimus
706 2178 768 2210 nisi
792 2179 892 2210 eciam
919 2190 957 2210 ea
983 2190 1044 2221 que
1070 2179 1213 2221 predicta
1239 2184 1315 2211 sunt
1333 2180 1467 2211 firmiter
1489 2191 1508 2211 a
1532 2179 1624 2212 nobis
1648 2182 1680 2212 et

209 2245 381 2278 heredibus
411 2245 528 2277 nostris
558 2245 681 2278 fuerint
711 2247 870 2279 custodita
899 2247 1101 2280 concedimus
1126 2250 1164 2279 ut
1193 2247 1305 2280 ballivi
1335 2248 1457 2280 domini
1489 2247 1622 2280 Comitis
1646 2250 1678 2279 et

209 2315 350 2347 maxime
379 2313 490 2346 ballivi
521 2318 695 2346 castrorum
726 2315 765 2347 de
795 2315 923 2347 Nmmz
953 2319 985 2347 et
1015 2316 1054 2347 de
1085 2314 1305 2347 LANGFNETH
1336 2316 1378 2347 ad
1408 2315 1465 2347 hec
1495 2316 1603 2348 omnia
1629 2316 1679 2347 in-
