1820 2548
1572 130 1632 161 971

215 284 340 328 Regem
355 287 388 317 et
408 284 588 327 predictum
603 283 828 317 WILLELMUM
851 284 890 315 de
911 283 1132 326 jurisdictione
1147 284 1290 326 predicta
1312 287 1344 316 et
1366 285 1408 316 ad
1431 296 1526 326 quem
1548 286 1676 318 illorum

214 353 393 396 jurisdictio
407 353 464 385 ille.
478 353 636 395 pertineat
651 354 682 384 et
698 352 856 394 pertinere
872 352 995 391 debeat,
1013 364 1085 384 cum
1097 352 1237 395 cognitio
1250 353 1451 394 querelarum
1462 354 1676 395 predictarum

216 422 415 465 dependebat
431 422 469 454 de
485 420 705 464 jurisdictione
729 420 870 463 predicta
894 432 991 463 quam
1014 421 1175 463 predictus
1194 420 1409 453 wammam
1431 422 1588 454 clamavit.
1635 422 1681 455 Et

213 495 291 523 tunc
305 490 480 522 inhibitum
502 489 566 521 fuit
582 489 685 521 eidem
707 489 900 522 Wummo
921 489 980 521 sub
1000 489 1203 521 forisfactura
1223 491 1306 522 terre
1324 490 1464 532 predicte
1485 501 1525 522 ne
1548 490 1678 524 interim

213 560 332 591 eisdem
354 558 559 601 querentibus
580 557 735 600 injuriam
757 557 877 589 faceret
899 557 1078 590 molestiam
1103 560 1159 590 aut
1181 569 1357 601 gravamen
1381 562 1491 590 contra
1513 559 1676 602 justiciam

215 630 271 660 aut
286 626 547 659 consuetudinem
562 625 702 668 partium
718 626 857 665 illarum,
874 628 932 658 etc.

256 695 372 728 Postea
393 695 434 727 ad
456 694 638 737 proximum
669 694 924 726 Parliamentum
956 694 1091 726 Domini
1124 694 1225 737 Regis
1249 706 1384 737 sequens
1414 695 1561 727 videlicet
1592 697 1679 738 apud

214 765 433 797 meotmm
448 763 482 795 in
495 763 613 795 octabis
628 763 738 795 Sancti
750 763 920 795 HILLARII
937 774 1022 795 anno
1036 763 1130 805 regni
1145 763 1244 805 ipsius
1262 763 1393 795 Domini
1412 763 1511 806 Regis
1529 763 1587 806 [20
1604 764 1626 796 J
1628 775 1678 796 an.

220 832 319 876 1301]
345 844 431 864 nunc
457 831 604 864 vicesimo
629 843 713 864 nono
744 834 901 863 venerunt
931 832 1091 874 predictus
1118 831 1333 864 WILLELMUS
1363 835 1395 864 et
1421 832 1621 865 N1CHOLAUS
1645 834 1685 865 de

218 901 410 935 WAREWYK
440 901 496 943 qui
526 900 717 943 sequebatur
746 911 803 942 pro
840 900 971 932 domino
998 900 1089 943 Rege
1116 903 1148 932 et
1185 901 1332 933 similiter
1369 901 1514 933 homines
1552 902 1686 944 predicti

218 975 387 1013 querentes
413 970 453 1002 de
474 969 618 1012 predicta
640 972 724 1001 terra
746 969 786 1000 de
810 968 940 1001 GOWER
962 968 996 1000 in
1019 969 1124 1001 forma
1145 969 1289 1011 predicta
1310 969 1474 1012 adjornati
1496 971 1537 1002 ad
1553 981 1685 1012 sequen-

218 1039 297 1071 dum
319 1038 354 1070 in
377 1038 481 1070 forma
503 1038 548 1070 eis
573 1037 722 1080 injuncta
751 1040 783 1069 et
813 1037 958 1079 superius
989 1048 1145 1079 expressa.
1207 1037 1253 1069 Et
1275 1037 1391 1080 quibus
1414 1049 1519 1070 coram
1543 1038 1634 1081 Rege
1656 1041 1689 1071 et

219 1107 350 1139 consilio
364 1118 422 1139 suo
438 1106 705 1149 comparentibus,
721 1105 903 1148 habitisque
926 1105 1010 1137 inter
1032 1105 1138 1148 ipsum
1160 1105 1340 1137 Dominmn
1364 1106 1488 1148 Regem
1512 1109 1544 1138 et
1566 1107 1689 1139 dictum

220 1175 446 1209 WILLELMUM
469 1175 669 1217 aliquamdiu
692 1174 953 1207 altercationibus
975 1185 1070 1217 super
1095 1174 1317 1216 jurisdictione
1340 1175 1483 1217 predicta
1506 1179 1538 1207 et
1560 1176 1632 1207 aliis
1654 1176 1689 1208 in

219 1244 305 1276 dicto
320 1255 467 1286 processu
483 1243 651 1282 contentis,
667 1243 871 1286 recitatisque
886 1242 1065 1275 rationibus
1085 1243 1174 1285 prius
1190 1255 1229 1275 ex
1246 1246 1380 1286 utraque
1395 1247 1487 1286 parte
1509 1244 1689 1287 propositiS,

219 1313 314 1344 datus
328 1312 392 1344 fuit
413 1312 481 1344 dies
499 1312 603 1344 eidem
627 1311 822 1345 WILLELMO
837 1312 879 1344 ad
894 1312 1077 1354 proximum
1093 1311 1349 1344 Parliamentum
1365 1324 1499 1355 sequens
1516 1338 1523 1345 .
1541 1314 1691 1346 audituro

219 1381 377 1423 judicium
399 1392 493 1413 suum
515 1381 550 1413 in
580 1380 710 1422 loquela
739 1381 892 1423 predicta.
953 1380 999 1413 Et
1022 1380 1169 1413 similiter
1195 1384 1273 1413 tuno
1299 1381 1422 1413 dictum
1446 1382 1511 1414 fuit
1536 1382 1688 1425 predictis

220 1449 486 1491 conquerentibus
515 1450 601 1491 quod
625 1451 730 1481 essent
757 1449 798 1480 ad
824 1449 907 1481 illud
930 1449 1016 1481 idem
1038 1449 1294 1482 Parliamentum
1315 1450 1460 1492 querelas
1486 1462 1558 1483 suas
1582 1462 1688 1493 prose-

222 1517 327 1549 cuturi
342 1517 368 1549 si
385 1517 514 1549 vellent.
559 1517 606 1549 Et
624 1517 801 1550 inhibitum
823 1517 889 1550 fuit
912 1518 1016 1550 eidem
1040 1517 1235 1551 W1LLELMO
1258 1520 1335 1550 tunc
1357 1530 1414 1561 per
1436 1518 1534 1552 breve
1557 1519 1692 1552 Domini

222 1585 324 1628 Regis
345 1597 386 1617 ne
407 1585 537 1618 iuterim
560 1585 679 1618 faceret
701 1586 917 1628 pendentibus
940 1586 1077 1628 querelis
1100 1587 1165 1619 suis
1188 1598 1293 1619 coram
1311 1587 1381 1630 ipso
1398 1587 1489 1630 Rege
1505 1590 1537 1620 et
1560 1588 1690 1621 consilio

222 1665 278 1686 suo
294 1653 431 1696 injurias
446 1654 497 1686 vel
512 1654 701 1696 gravamina
716 1654 825 1697 aliqua
840 1655 960 1687 eisdem
976 1654 1254 1698 conquerentibus.

266 1722 381 1754 Postea
395 1723 436 1754 ad
452 1722 538 1754 istud
555 1722 812 1755 Parliamentum
827 1723 928 1766 ipsius
947 1724 1082 1756 Domini
1105 1724 1207 1767 Regis
1231 1725 1318 1767 apud
1341 1724 1689 1759 WESTMONAsTmuUM

221 1791 256 1823 in
272 1790 391 1823 octabis
406 1789 516 1822 Sancti
530 1790 705 1823 JOHANNIS
728 1791 897 1823 Bnnsrn
920 1803 1005 1824 anno
1029 1791 1123 1835 regni
1146 1792 1196 1824 sui
1216 1792 1375 1825 tricesimo
1399 1791 1434 1836 [1
1459 1793 1551 1835 July,
1575 1793 1689 1837 1302]‚

221 1863 378 1891 venerunt
393 1859 554 1901 predictus
576 1858 792 1892 Wammms
810 1861 850 1892 de
869 1860 1027 1893 Eume-ss
1048 1863 1081 1893 et
1101 1861 1249 1894 similiter
1268 1861 1312 1894 N.
1337 1862 1377 1893 de
1400 1861 1612 1895 WARREWH:
1635 1862 1691 1904 qui

221 1928 366 1970 sequitur
379 1939 436 1970 pro
452 1927 553 1970 Rege,
569 1930 628 1960 eto,
674 1927 720 1960 Et
743 1928 843 1960 eciam
870 1929 1015 1962 homines
1043 1930 1179 1972 predicti
1203 1931 1242 1962 de
1269 1932 1354 1962 terra
1380 1930 1419 1962 de
1448 1929 1577 1962 Gowmz
1603 1930 1692 1972 prius

220 1999 458 2039 conquerentes,
474 1998 532 2028 ete.
578 1996 624 2029 Et
647 1996 734 2029 idem
749 1996 965 2030 WILLELMUS
987 1998 1146 2031 instanter
1168 1998 1265 2041 peciit
1285 1999 1371 2041 quod
1393 1997 1553 2030 Dominus
1569 1998 1643 2031 Rex
1657 2002 1690 2031 et

222 2065 390 2097 consilium
405 2076 499 2097 suum
514 2064 574 2097 sibi
589 2065 767 2097 remedium
784 2068 816 2098 et
835 2065 1000 2108 justiciam
1020 2066 1163 2099 facerent
1183 2067 1223 2099 de
1246 2066 1372 2109 injuriis
1395 2069 1428 2099 ct
1449 2067 1693 2110 gravaminibus

222 2133 282 2166 sibi
304 2134 403 2166 illatis
425 2136 520 2176 prout
543 2134 578 2165 in
603 2134 757 2175 petitione
781 2145 839 2166 sua
864 2135 1007 2177 predicta
1033 2135 1225 2175 continetur,
1252 2137 1284 2167 et
1311 2146 1373 2177 que
1399 2135 1459 2168 sibi
1487 2135 1608 2168 fiebant
1635 2147 1693 2178 per

218 2202 401 2244 predictum
429 2202 634 2235 WALTERUM
661 2205 771 2234 contra
798 2202 962 2236 libertates
989 2203 1146 2246 predictas
1172 2214 1251 2246 quas
1278 2203 1375 2236 habet
1402 2203 1490 2236 infra
1515 2204 1694 2246 predictam
