<?xml version="1.0" encoding="UTF-8"?>
<!DOCTYPE html PUBLIC "-//W3C//DTD XHTML 1.0 Transitional//EN"
    "http://www.w3.org/TR/xhtml1/DTD/xhtml1-transitional.dtd">
<html xmlns="http://www.w3.org/1999/xhtml" xml:lang="en" lang="en">
 <head>
  <title>
</title>
<meta http-equiv="Content-Type" content="text/html;charset=utf-8" />
  <meta name='ocr-system' content='tesseract 3.04.00' />
  <meta name='ocr-capabilities' content='ocr_page ocr_carea ocr_par ocr_line ocrx_word'/>
</head>
<body>
  <div class='ocr_page' id='page_1' title='image "./cartaeetaliamuni03claruoft_0049.png"; bbox 0 0 1820 2548; ppageno 0'>
   <div class='ocr_carea' id='block_1_1' title="bbox 1511 141 1573 171">
    <p class='ocr_par' dir='ltr' id='par_1_1' title="bbox 1511 141 1573 171">
     <span class='ocr_line' id='line_1_1' title="bbox 1511 141 1573 171; baseline 0 0"><span class='ocrx_word' id='word_1_1' title='bbox 1511 141 1573 171; x_wconf 83' lang='lat'>751</span> 
     </span>
    </p>
   </div>
   <div class='ocr_carea' id='block_1_2' title="bbox 754 294 1016 328">
    <p class='ocr_par' dir='ltr' id='par_1_2' title="bbox 754 294 1016 328">
     <span class='ocr_line' id='line_1_2' title="bbox 754 294 1016 328; baseline -0.004 -1"><span class='ocrx_word' id='word_1_2' title='bbox 754 294 1016 328; x_wconf 83' lang='lat' dir='ltr'>DOLXXXVI.</span> 
     </span>
    </p>
   </div>
   <div class='ocr_carea' id='block_1_3' title="bbox 171 369 1597 464">
    <p class='ocr_par' dir='ltr' id='par_1_3' title="bbox 171 369 1597 464">
     <span class='ocr_line' id='line_1_3' title="bbox 171 369 1597 409; baseline -0.001 -6"><span class='ocrx_word' id='word_1_3' title='bbox 171 370 401 409; x_wconf 81' lang='lat' dir='ltr'><strong>WILLIAM,</strong></span> <span class='ocrx_word' id='word_1_4' title='bbox 443 369 532 402; x_wconf 81' lang='lat' dir='ltr'>SON</span> <span class='ocrx_word' id='word_1_5' title='bbox 567 369 626 401; x_wconf 86' lang='lat' dir='ltr'>OF</span> <span class='ocrx_word' id='word_1_6' title='bbox 665 369 832 401; x_wconf 87' lang='lat' dir='ltr'>PHILIP</span> <span class='ocrx_word' id='word_1_7' title='bbox 870 369 1203 408; x_wconf 80' lang='lat' dir='ltr'>THOUOROHOT,</span> <span class='ocrx_word' id='word_1_8' title='bbox 1239 369 1426 402; x_wconf 74' lang='lat' dir='ltr'><strong>GRANTS</strong></span> <span class='ocrx_word' id='word_1_9' title='bbox 1465 369 1597 402; x_wconf 87' lang='lat' dir='ltr'><strong>LAND</strong></span> 
     </span>
     <span class='ocr_line' id='line_1_4' title="bbox 271 431 1509 464; baseline -0.001 0"><span class='ocrx_word' id='word_1_10' title='bbox 271 432 325 464; x_wconf 83' lang='lat' dir='ltr'>IN</span> <span class='ocrx_word' id='word_1_11' title='bbox 360 432 458 464; x_wconf 82' lang='lat' dir='ltr'>THE</span> <span class='ocrx_word' id='word_1_12' title='bbox 496 431 588 463; x_wconf 82' lang='lat' dir='ltr'>FEE</span> <span class='ocrx_word' id='word_1_13' title='bbox 628 431 687 464; x_wconf 90' lang='lat' dir='ltr'>OF</span> <span class='ocrx_word' id='word_1_14' title='bbox 726 431 954 464; x_wconf 85' lang='lat' dir='ltr'><strong>LANDOGH</strong></span> <span class='ocrx_word' id='word_1_15' title='bbox 992 431 1050 463; x_wconf 84' lang='lat' dir='ltr'>To</span> <span class='ocrx_word' id='word_1_16' title='bbox 1088 431 1206 463; x_wconf 90' lang='lat' dir='ltr'><strong>MILO</strong></span> <span class='ocrx_word' id='word_1_17' title='bbox 1244 431 1309 463; x_wconf 83' lang='lat' dir='ltr'>DE</span> <span class='ocrx_word' id='word_1_18' title='bbox 1351 431 1509 463; x_wconf 78' lang='lat' dir='ltr'>REGNI.</span> 
     </span>
    </p>
   </div>
   <div class='ocr_carea' id='block_1_4' title="bbox 147 512 1626 2135">
    <p class='ocr_par' dir='ltr' id='par_1_4' title="bbox 650 512 1127 555">
     <span class='ocr_line' id='line_1_5' title="bbox 650 512 1127 555; baseline 0 -11"><span class='ocrx_word' id='word_1_19' title='bbox 650 512 754 555; x_wconf 76' lang='lat' dir='ltr'>[Ano.</span> <span class='ocrx_word' id='word_1_20' title='bbox 780 513 957 552; x_wconf 64' lang='lat' dir='ltr'>Ominum,</span> <span class='ocrx_word' id='word_1_21' title='bbox 980 512 1127 555; x_wconf 84' lang='lat'>24‚289.]</span> 
     </span>
    </p>

    <p class='ocr_par' dir='ltr' id='par_1_5' title="bbox 147 581 1626 2054">
     <span class='ocr_line' id='line_1_6' title="bbox 194 581 1621 624; baseline -0.001 -10"><span class='ocrx_word' id='word_1_22' title='bbox 194 581 304 614; x_wconf 80' lang='lat' dir='ltr'>Sciant</span> <span class='ocrx_word' id='word_1_23' title='bbox 320 585 481 624; x_wconf 71' lang='lat' dir='ltr'>presentes</span> <span class='ocrx_word' id='word_1_24' title='bbox 497 584 529 613; x_wconf 85' lang='lat' dir='ltr'>et</span> <span class='ocrx_word' id='word_1_25' title='bbox 544 582 646 614; x_wconf 68' lang='lat' dir='ltr'>futuri</span> <span class='ocrx_word' id='word_1_26' title='bbox 671 583 757 624; x_wconf 84' lang='lat' dir='ltr'>quod</span> <span class='ocrx_word' id='word_1_27' title='bbox 781 593 840 624; x_wconf 85' lang='lat' dir='ltr'>ego</span> <span class='ocrx_word' id='word_1_28' title='bbox 863 581 1078 615; x_wconf 82' lang='lat' dir='ltr'>WILLELMUS</span> <span class='ocrx_word' id='word_1_29' title='bbox 1102 581 1187 613; x_wconf 75' lang='lat' dir='ltr'>filius</span> <span class='ocrx_word' id='word_1_30' title='bbox 1203 581 1365 613; x_wconf 70' lang='lat' dir='ltr'>P111L11&gt;1³1</span> <span class='ocrx_word' id='word_1_31' title='bbox 1390 581 1621 614; x_wconf 60' lang='lat' dir='ltr'>Tnouoxzcfflrr</span> 
     </span>
     <span class='ocr_line' id='line_1_7' title="bbox 151 650 1623 693; baseline 0 -11"><span class='ocrx_word' id='word_1_32' title='bbox 151 651 224 682; x_wconf 88' lang='lat' dir='ltr'>dedi</span> <span class='ocrx_word' id='word_1_33' title='bbox 243 651 381 682; x_wconf 77' lang='lat' dir='ltr'>concessi</span> <span class='ocrx_word' id='word_1_34' title='bbox 397 653 430 683; x_wconf 90' lang='lat' dir='ltr'>et</span> <span class='ocrx_word' id='word_1_35' title='bbox 452 650 510 682; x_wconf 78' lang='lat' dir='ltr'>hac</span> <span class='ocrx_word' id='word_1_36' title='bbox 532 650 672 693; x_wconf 88' lang='lat' dir='ltr'>presenti</span> <span class='ocrx_word' id='word_1_37' title='bbox 694 652 780 682; x_wconf 81' lang='lat' dir='ltr'>carta</span> <span class='ocrx_word' id='word_1_38' title='bbox 802 661 873 682; x_wconf 77' lang='lat' dir='ltr'>mea</span> <span class='ocrx_word' id='word_1_39' title='bbox 896 650 1080 682; x_wconf 68' lang='lat' dir='ltr'>confirmavi</span> <span class='ocrx_word' id='word_1_40' title='bbox 1103 650 1236 682; x_wconf 66' lang='lat' dir='ltr'>Mmom</span> <span class='ocrx_word' id='word_1_41' title='bbox 1257 651 1296 681; x_wconf 88' lang='lat' dir='ltr'>dc</span> <span class='ocrx_word' id='word_1_42' title='bbox 1320 650 1434 682; x_wconf 64' lang='lat' dir='ltr'>Rnrm</span> <span class='ocrx_word' id='word_1_43' title='bbox 1451 652 1514 681; x_wconf 82' lang='lat' dir='ltr'>tres</span> <span class='ocrx_word' id='word_1_44' title='bbox 1537 662 1623 682; x_wconf 65' lang='lat' dir='ltr'>acras</span> 
     </span>
     <span class='ocr_line' id='line_1_8' title="bbox 151 718 1621 761; baseline -0.001 -10"><span class='ocrx_word' id='word_1_45' title='bbox 151 722 235 751; x_wconf 85' lang='lat' dir='ltr'>terre</span> <span class='ocrx_word' id='word_1_46' title='bbox 250 719 384 751; x_wconf 78' lang='lat' dir='ltr'>arabiles</span> <span class='ocrx_word' id='word_1_47' title='bbox 401 730 473 750; x_wconf 78' lang='lat' dir='ltr'>cuni</span> <span class='ocrx_word' id='word_1_48' title='bbox 490 719 693 761; x_wconf 69' lang='lat' dir='ltr'>pertinenciis</span> <span class='ocrx_word' id='word_1_49' title='bbox 710 719 744 750; x_wconf 89' lang='lat' dir='ltr'>in</span> <span class='ocrx_word' id='word_1_50' title='bbox 759 719 855 751; x_wconf 81' lang='lat' dir='ltr'>feudo</span> <span class='ocrx_word' id='word_1_51' title='bbox 871 720 910 750; x_wconf 84' lang='lat' dir='ltr'>de</span> <span class='ocrx_word' id='word_1_52' title='bbox 926 719 1113 751; x_wconf 78' lang='lat' dir='ltr'>LANDOCHE</span> <span class='ocrx_word' id='word_1_53' title='bbox 1130 730 1208 761; x_wconf 84' lang='lat' dir='ltr'>quas</span> <span class='ocrx_word' id='word_1_54' title='bbox 1227 718 1326 751; x_wconf 78' lang='lat' dir='ltr'>habui</span> <span class='ocrx_word' id='word_1_55' title='bbox 1342 720 1381 750; x_wconf 86' lang='lat' dir='ltr'>de</span> <span class='ocrx_word' id='word_1_56' title='bbox 1397 720 1480 751; x_wconf 88' lang='lat' dir='ltr'>dono</span> <span class='ocrx_word' id='word_1_57' title='bbox 1496 718 1621 750; x_wconf 70' lang='lat' dir='ltr'>Tnom:</span> 
     </span>
     <span class='ocr_line' id='line_1_9' title="bbox 151 787 1626 830; baseline 0 -11"><span class='ocrx_word' id='word_1_58' title='bbox 151 787 263 820; x_wconf 80' lang='lat' dir='ltr'>LONGI</span> <span class='ocrx_word' id='word_1_59' title='bbox 302 788 341 819; x_wconf 82' lang='lat' dir='ltr'>de</span> <span class='ocrx_word' id='word_1_60' title='bbox 378 787 566 819; x_wconf 73' lang='lat' dir='ltr'><strong>LANDOCHE</strong></span> <span class='ocrx_word' id='word_1_61' title='bbox 601 789 633 819; x_wconf 91' lang='lat' dir='ltr'>et</span> <span class='ocrx_word' id='word_1_62' title='bbox 662 787 829 819; x_wconf 82' lang='lat' dir='ltr'>dimidiam</span> <span class='ocrx_word' id='word_1_63' title='bbox 861 799 965 819; x_wconf 79' lang='lat' dir='ltr'>acram</span> <span class='ocrx_word' id='word_1_64' title='bbox 1003 799 1074 819; x_wconf 88' lang='lat' dir='ltr'>cum</span> <span class='ocrx_word' id='word_1_65' title='bbox 1100 787 1303 830; x_wconf 69' lang='lat' dir='ltr'>peitinenciis</span> <span class='ocrx_word' id='word_1_66' title='bbox 1340 787 1501 829; x_wconf 78' lang='lat' dir='ltr'>jacentem</span> <span class='ocrx_word' id='word_1_67' title='bbox 1540 789 1626 830; x_wconf 82' lang='lat' dir='ltr'>apud</span> 
     </span>
     <span class='ocr_line' id='line_1_10' title="bbox 150 855 1621 897; baseline 0 -10"><span class='ocrx_word' id='word_1_68' title='bbox 150 855 365 887; x_wconf 75' lang='lat' dir='ltr'>LANGDOUNE</span> <span class='ocrx_word' id='word_1_69' title='bbox 376 855 410 887; x_wconf 90' lang='lat' dir='ltr'>in</span> <span class='ocrx_word' id='word_1_70' title='bbox 423 855 520 888; x_wconf 80' lang='lat' dir='ltr'>feudo</span> <span class='ocrx_word' id='word_1_71' title='bbox 537 857 576 887; x_wconf 87' lang='lat' dir='ltr'>de</span> <span class='ocrx_word' id='word_1_72' title='bbox 588 855 778 887; x_wconf 69' lang='lat' dir='ltr'>LANnoenE</span> <span class='ocrx_word' id='word_1_73' title='bbox 792 867 888 897; x_wconf 76' lang='lat' dir='ltr'>quam</span> <span class='ocrx_word' id='word_1_74' title='bbox 898 855 997 887; x_wconf 76' lang='lat' dir='ltr'>habui</span> <span class='ocrx_word' id='word_1_75' title='bbox 1007 857 1046 887; x_wconf 89' lang='lat' dir='ltr'>de</span> <span class='ocrx_word' id='word_1_76' title='bbox 1061 856 1145 887; x_wconf 87' lang='lat' dir='ltr'>dono</span> <span class='ocrx_word' id='word_1_77' title='bbox 1157 856 1367 888; x_wconf 61' lang='lat' dir='ltr'>ALExANmu</span> <span class='ocrx_word' id='word_1_78' title='bbox 1381 857 1419 887; x_wconf 87' lang='lat' dir='ltr'>de</span> <span class='ocrx_word' id='word_1_79' title='bbox 1433 855 1621 887; x_wconf 80' lang='lat' dir='ltr'>LANDOCHE</span> 
     </span>
     <span class='ocr_line' id='line_1_11' title="bbox 149 923 1623 966; baseline 0.001 -11"><span class='ocrx_word' id='word_1_80' title='bbox 149 935 206 966; x_wconf 87' lang='lat' dir='ltr'>pro</span> <span class='ocrx_word' id='word_1_81' title='bbox 215 924 317 956; x_wconf 87' lang='lat' dir='ltr'>tribus</span> <span class='ocrx_word' id='word_1_82' title='bbox 326 924 439 956; x_wconf 79' lang='lat' dir='ltr'>marcis</span> <span class='ocrx_word' id='word_1_83' title='bbox 449 924 575 966; x_wconf 80' lang='lat' dir='ltr'>argenti</span> <span class='ocrx_word' id='word_1_84' title='bbox 586 924 665 955; x_wconf 89' lang='lat' dir='ltr'>mihi</span> <span class='ocrx_word' id='word_1_85' title='bbox 677 924 882 966; x_wconf 83' lang='lat' dir='ltr'>premam&#39;bus</span> <span class='ocrx_word' id='word_1_86' title='bbox 894 924 1028 966; x_wconf 82' lang='lat' dir='ltr'>pagatis.</span> <span class='ocrx_word' id='word_1_87' title='bbox 1069 923 1238 956; x_wconf 80' lang='lat' dir='ltr'>Tenendas</span> <span class='ocrx_word' id='word_1_88' title='bbox 1249 926 1280 956; x_wconf 87' lang='lat' dir='ltr'>et</span> <span class='ocrx_word' id='word_1_89' title='bbox 1293 924 1456 957; x_wconf 74' lang='lat' dir='ltr'>habendas</span> <span class='ocrx_word' id='word_1_90' title='bbox 1466 925 1623 966; x_wconf 81' lang='lat' dir='ltr'>predictas</span> 
     </span>
     <span class='ocr_line' id='line_1_12' title="bbox 150 993 1626 1036; baseline 0.001 -12"><span class='ocrx_word' id='word_1_91' title='bbox 150 994 214 1024; x_wconf 83' lang='lat' dir='ltr'>tres</span> <span class='ocrx_word' id='word_1_92' title='bbox 229 1004 318 1025; x_wconf 79' lang='lat' dir='ltr'>acras</span> <span class='ocrx_word' id='word_1_93' title='bbox 334 995 366 1024; x_wconf 90' lang='lat' dir='ltr'>et</span> <span class='ocrx_word' id='word_1_94' title='bbox 381 993 549 1024; x_wconf 79' lang='lat' dir='ltr'>dimidiam</span> <span class='ocrx_word' id='word_1_95' title='bbox 566 1004 637 1024; x_wconf 87' lang='lat' dir='ltr'>cum</span> <span class='ocrx_word' id='word_1_96' title='bbox 652 993 859 1035; x_wconf 76' lang='lat' dir='ltr'>pertinenciis</span> <span class='ocrx_word' id='word_1_97' title='bbox 875 993 935 1025; x_wconf 85' lang='lat' dir='ltr'>sibi</span> <span class='ocrx_word' id='word_1_98' title='bbox 951 996 980 1025; x_wconf 84' lang='lat' dir='ltr'>et</span> <span class='ocrx_word' id='word_1_99' title='bbox 996 993 1166 1025; x_wconf 77' lang='lat' dir='ltr'>heredibus</span> <span class='ocrx_word' id='word_1_100' title='bbox 1182 993 1247 1024; x_wconf 86' lang='lat' dir='ltr'>suis</span> <span class='ocrx_word' id='word_1_101' title='bbox 1263 994 1313 1025; x_wconf 88' lang='lat' dir='ltr'>vel</span> <span class='ocrx_word' id='word_1_102' title='bbox 1336 993 1506 1036; x_wconf 78' lang='lat' dir='ltr'>assignatis</span> <span class='ocrx_word' id='word_1_103' title='bbox 1522 994 1560 1024; x_wconf 82' lang='lat' dir='ltr'>(le</span> <span class='ocrx_word' id='word_1_104' title='bbox 1576 1005 1626 1025; x_wconf 86' lang='lat' dir='ltr'>me</span> 
     </span>
     <span class='ocr_line' id='line_1_13' title="bbox 152 1061 1626 1104; baseline 0 -11"><span class='ocrx_word' id='word_1_105' title='bbox 152 1064 184 1093; x_wconf 78' lang='lat' dir='ltr'>et</span> <span class='ocrx_word' id='word_1_106' title='bbox 199 1061 367 1093; x_wconf 79' lang='lat' dir='ltr'>heredibus</span> <span class='ocrx_word' id='word_1_107' title='bbox 382 1061 463 1093; x_wconf 81' lang='lat' dir='ltr'>meis</span> <span class='ocrx_word' id='word_1_108' title='bbox 478 1061 528 1092; x_wconf 84' lang='lat' dir='ltr'>vel</span> <span class='ocrx_word' id='word_1_109' title='bbox 544 1061 714 1104; x_wconf 83' lang='lat' dir='ltr'>assignatis</span> <span class='ocrx_word' id='word_1_110' title='bbox 730 1062 808 1093; x_wconf 88' lang='lat' dir='ltr'>meis</span> <span class='ocrx_word' id='word_1_111' title='bbox 824 1061 921 1093; x_wconf 87' lang='lat' dir='ltr'>libere</span> <span class='ocrx_word' id='word_1_112' title='bbox 937 1062 1043 1104; x_wconf 87' lang='lat' dir='ltr'>quiete</span> <span class='ocrx_word' id='word_1_113' title='bbox 1058 1061 1186 1103; x_wconf 82' lang='lat' dir='ltr'>pacifice</span> <span class='ocrx_word' id='word_1_114' title='bbox 1209 1061 1334 1104; x_wconf 86' lang='lat' dir='ltr'>integre</span> <span class='ocrx_word' id='word_1_115' title='bbox 1349 1061 1420 1104; x_wconf 85' lang='lat' dir='ltr'>jure</span> <span class='ocrx_word' id='word_1_116' title='bbox 1435 1062 1626 1094; x_wconf 81' lang='lat' dir='ltr'>hereditario</span> 
     </span>
     <span class='ocr_line' id='line_1_14' title="bbox 151 1120 1626 1173; baseline 0.001 -12"><span class='ocrx_word' id='word_1_117' title='bbox 151 1129 219 1161; x_wconf 79' lang='lat' dir='ltr'>sine</span> <span class='ocrx_word' id='word_1_118' title='bbox 243 1129 349 1171; x_wconf 77' lang='lat' dir='ltr'>aliquo</span> <span class='ocrx_word' id='word_1_119' title='bbox 373 1131 590 1161; x_wconf 86' lang='lat' dir='ltr'>retenemento</span> <span class='ocrx_word' id='word_1_120' title='bbox 614 1129 678 1161; x_wconf 89' lang='lat' dir='ltr'>mei</span> <span class='ocrx_word' id='word_1_121' title='bbox 704 1130 755 1161; x_wconf 86' lang='lat' dir='ltr'>vel</span> <span class='ocrx_word' id='word_1_122' title='bbox 780 1141 931 1161; x_wconf 84' lang='lat' dir='ltr'>meorum.</span> <span class='ocrx_word' id='word_1_123' title='bbox 993 1130 1171 1162; x_wconf 80' lang='lat' dir='ltr'>Reddenslo</span> <span class='ocrx_word' id='word_1_124' title='bbox 1195 1129 1270 1161; x_wconf 87' lang='lat' dir='ltr'>inde</span> <span class='ocrx_word' id='word_1_125' title='bbox 1299 1120 1468 1162; x_wconf 67' lang='lat' dir='ltr'>annuutim</span> <span class='ocrx_word' id='word_1_126' title='bbox 1498 1131 1565 1173; x_wconf 86' lang='lat' dir='ltr'>ipse</span> <span class='ocrx_word' id='word_1_127' title='bbox 1595 1133 1626 1163; x_wconf 84' lang='lat' dir='ltr'>et</span> 
     </span>
     <span class='ocr_line' id='line_1_15' title="bbox 147 1197 1624 1241; baseline 0.001 -12"><span class='ocrx_word' id='word_1_128' title='bbox 147 1197 278 1229; x_wconf 86' lang='lat' dir='ltr'>heredes</span> <span class='ocrx_word' id='word_1_129' title='bbox 293 1198 342 1229; x_wconf 90' lang='lat' dir='ltr'>sui</span> <span class='ocrx_word' id='word_1_130' title='bbox 358 1198 407 1229; x_wconf 83' lang='lat' dir='ltr'>vel</span> <span class='ocrx_word' id='word_1_131' title='bbox 423 1197 584 1240; x_wconf 84' lang='lat' dir='ltr'>asingnati</span> <span class='ocrx_word' id='word_1_132' title='bbox 600 1198 649 1229; x_wconf 90' lang='lat' dir='ltr'>sui</span> <span class='ocrx_word' id='word_1_133' title='bbox 665 1198 750 1230; x_wconf 85' lang='lat' dir='ltr'>dioto</span> <span class='ocrx_word' id='word_1_134' title='bbox 766 1197 892 1230; x_wconf 66' lang='lat' dir='ltr'>Tuom</span> <span class='ocrx_word' id='word_1_135' title='bbox 915 1198 1034 1230; x_wconf 69' lang='lat' dir='ltr'>Lomo</span> <span class='ocrx_word' id='word_1_136' title='bbox 1050 1200 1081 1230; x_wconf 88' lang='lat' dir='ltr'>et</span> <span class='ocrx_word' id='word_1_137' title='bbox 1103 1198 1274 1230; x_wconf 75' lang='lat' dir='ltr'>heredibus</span> <span class='ocrx_word' id='word_1_138' title='bbox 1297 1199 1362 1230; x_wconf 80' lang='lat' dir='ltr'>suis</span> <span class='ocrx_word' id='word_1_139' title='bbox 1379 1199 1429 1230; x_wconf 87' lang='lat' dir='ltr'>vel</span> <span class='ocrx_word' id='word_1_140' title='bbox 1445 1199 1624 1241; x_wconf 76' lang='lat' dir='ltr'>asingnatis</span> 
     </span>
     <span class='ocr_line' id='line_1_16' title="bbox 150 1266 1626 1309; baseline 0.001 -11"><span class='ocrx_word' id='word_1_141' title='bbox 150 1266 215 1298; x_wconf 87' lang='lat' dir='ltr'>suis</span> <span class='ocrx_word' id='word_1_142' title='bbox 231 1277 286 1298; x_wconf 82' lang='lat' dir='ltr'>sex</span> <span class='ocrx_word' id='word_1_143' title='bbox 302 1267 451 1298; x_wconf 83' lang='lat' dir='ltr'>denarios</span> <span class='ocrx_word' id='word_1_144' title='bbox 466 1267 593 1308; x_wconf 83' lang='lat' dir='ltr'>argenti</span> <span class='ocrx_word' id='word_1_145' title='bbox 608 1269 703 1309; x_wconf 85' lang='lat' dir='ltr'>prout</span> <span class='ocrx_word' id='word_1_146' title='bbox 719 1269 806 1299; x_wconf 82' lang='lat' dir='ltr'>carta</span> <span class='ocrx_word' id='word_1_147' title='bbox 822 1267 898 1299; x_wconf 83' lang='lat' dir='ltr'>dicti</span> <span class='ocrx_word' id='word_1_148' title='bbox 919 1267 1045 1299; x_wconf 78' lang='grc' dir='ltr'><strong>ΤΗΟΜΕ</strong></span> <span class='ocrx_word' id='word_1_149' title='bbox 1069 1270 1205 1299; x_wconf 82' lang='lat' dir='ltr'>testatur</span> <span class='ocrx_word' id='word_1_150' title='bbox 1220 1279 1317 1309; x_wconf 88' lang='lat' dir='ltr'>quam</span> <span class='ocrx_word' id='word_1_151' title='bbox 1336 1268 1477 1309; x_wconf 77' lang='lat' dir='ltr'>predicto</span> <span class='ocrx_word' id='word_1_152' title='bbox 1493 1267 1626 1299; x_wconf 67' lang='lat' dir='ltr'>Mmom</span> 
     </span>
     <span class='ocr_line' id='line_1_17' title="bbox 150 1334 1624 1378; baseline 0.001 -11"><span class='ocrx_word' id='word_1_153' title='bbox 150 1334 282 1367; x_wconf 83' lang='lat' dir='ltr'>liberavi</span> <span class='ocrx_word' id='word_1_154' title='bbox 298 1337 329 1367; x_wconf 88' lang='lat' dir='ltr'>et</span> <span class='ocrx_word' id='word_1_155' title='bbox 346 1347 448 1368; x_wconf 91' lang='lat' dir='ltr'>unum</span> <span class='ocrx_word' id='word_1_156' title='bbox 465 1336 633 1368; x_wconf 84' lang='lat' dir='ltr'>denarium</span> <span class='ocrx_word' id='word_1_157' title='bbox 651 1337 682 1368; x_wconf 86' lang='lat' dir='ltr'>et</span> <span class='ocrx_word' id='word_1_158' title='bbox 698 1335 827 1368; x_wconf 90' lang='lat' dir='ltr'>obolum</span> <span class='ocrx_word' id='word_1_159' title='bbox 851 1336 977 1378; x_wconf 78' lang='lat' dir='ltr'>argenti</span> <span class='ocrx_word' id='word_1_160' title='bbox 1001 1337 1142 1378; x_wconf 81' lang='lat' dir='ltr'>predicto</span> <span class='ocrx_word' id='word_1_161' title='bbox 1165 1336 1381 1368; x_wconf 74' lang='lat' dir='ltr'>ALEXANDRO</span> <span class='ocrx_word' id='word_1_162' title='bbox 1398 1340 1429 1368; x_wconf 86' lang='lat' dir='ltr'>et</span> <span class='ocrx_word' id='word_1_163' title='bbox 1453 1337 1624 1369; x_wconf 84' lang='lat' dir='ltr'>heredibus</span> 
     </span>
     <span class='ocr_line' id='line_1_18' title="bbox 150 1404 1621 1447; baseline 0.001 -12"><span class='ocrx_word' id='word_1_164' title='bbox 150 1404 215 1436; x_wconf 82' lang='lat' dir='ltr'>suis</span> <span class='ocrx_word' id='word_1_165' title='bbox 244 1405 294 1436; x_wconf 88' lang='lat' dir='ltr'>vel</span> <span class='ocrx_word' id='word_1_166' title='bbox 324 1404 503 1446; x_wconf 80' lang='lat' dir='ltr'>asingnatis</span> <span class='ocrx_word' id='word_1_167' title='bbox 530 1404 595 1435; x_wconf 88' lang='lat' dir='ltr'>suis</span> <span class='ocrx_word' id='word_1_168' title='bbox 617 1407 713 1446; x_wconf 87' lang='lat' dir='ltr'>prout</span> <span class='ocrx_word' id='word_1_169' title='bbox 744 1406 831 1436; x_wconf 76' lang='lat' dir='ltr'>carta</span> <span class='ocrx_word' id='word_1_170' title='bbox 854 1407 990 1437; x_wconf 77' lang='lat' dir='ltr'>testatur</span> <span class='ocrx_word' id='word_1_171' title='bbox 1021 1417 1114 1447; x_wconf 77' lang='lat' dir='ltr'>qaam</span> <span class='ocrx_word' id='word_1_172' title='bbox 1146 1405 1288 1447; x_wconf 80' lang='lat' dir='ltr'>predicto</span> <span class='ocrx_word' id='word_1_173' title='bbox 1316 1406 1447 1437; x_wconf 58' lang='lat' dir='ltr'>Mamm</span> <span class='ocrx_word' id='word_1_174' title='bbox 1479 1406 1621 1438; x_wconf 74' lang='lat' dir='ltr'>liberavi.</span> 
     </span>
     <span class='ocr_line' id='line_1_19' title="bbox 151 1472 1622 1517; baseline 0.001 -12"><span class='ocrx_word' id='word_1_175' title='bbox 151 1472 225 1515; x_wconf 85' lang='lat' dir='ltr'>Ego</span> <span class='ocrx_word' id='word_1_176' title='bbox 249 1484 322 1505; x_wconf 89' lang='lat' dir='ltr'>vero</span> <span class='ocrx_word' id='word_1_177' title='bbox 352 1473 512 1515; x_wconf 85' lang='lat' dir='ltr'>predictus</span> <span class='ocrx_word' id='word_1_178' title='bbox 544 1473 759 1506; x_wconf 57' lang='lat' dir='ltr'>W112LE12Mus</span> <span class='ocrx_word' id='word_1_179' title='bbox 790 1477 822 1505; x_wconf 89' lang='lat' dir='ltr'>et</span> <span class='ocrx_word' id='word_1_180' title='bbox 852 1474 981 1506; x_wconf 87' lang='lat' dir='ltr'>heredes</span> <span class='ocrx_word' id='word_1_181' title='bbox 1011 1474 1073 1506; x_wconf 89' lang='lat' dir='ltr'>mei</span> <span class='ocrx_word' id='word_1_182' title='bbox 1097 1475 1147 1506; x_wconf 90' lang='lat' dir='ltr'>vel</span> <span class='ocrx_word' id='word_1_183' title='bbox 1173 1474 1337 1517; x_wconf 79' lang='lat' dir='ltr'>asingnati</span> <span class='ocrx_word' id='word_1_184' title='bbox 1361 1475 1424 1506; x_wconf 85' lang='lat' dir='ltr'>mei</span> <span class='ocrx_word' id='word_1_185' title='bbox 1447 1476 1622 1507; x_wconf 81' lang='lat' dir='ltr'>secundum</span> 
     </span>
     <span class='ocr_line' id='line_1_20' title="bbox 151 1541 1622 1585; baseline 0.001 -12"><span class='ocrx_word' id='word_1_186' title='bbox 151 1541 288 1574; x_wconf 83' lang='lat' dir='ltr'>formam</span> <span class='ocrx_word' id='word_1_187' title='bbox 325 1541 359 1574; x_wconf 89' lang='lat' dir='ltr'>in</span> <span class='ocrx_word' id='word_1_188' title='bbox 404 1541 551 1574; x_wconf 88' lang='lat' dir='ltr'>omnibus</span> <span class='ocrx_word' id='word_1_189' title='bbox 594 1543 800 1585; x_wconf 78' lang='lat' dir='ltr'>prescriptam</span> <span class='ocrx_word' id='word_1_190' title='bbox 840 1545 947 1575; x_wconf 81' lang='lat' dir='ltr'>contra</span> <span class='ocrx_word' id='word_1_191' title='bbox 982 1554 1090 1575; x_wconf 88' lang='lat' dir='ltr'>omnes</span> <span class='ocrx_word' id='word_1_192' title='bbox 1126 1544 1275 1575; x_wconf 79' lang='lat' dir='ltr'>mortales</span> <span class='ocrx_word' id='word_1_193' title='bbox 1312 1544 1452 1585; x_wconf 86' lang='lat' dir='ltr'>predicto</span> <span class='ocrx_word' id='word_1_194' title='bbox 1489 1543 1622 1575; x_wconf 80' lang='lat' dir='ltr'>M1LON1</span> 
     </span>
     <span class='ocr_line' id='line_1_21' title="bbox 148 1610 1620 1654; baseline 0.002 -13"><span class='ocrx_word' id='word_1_195' title='bbox 148 1613 180 1641; x_wconf 81' lang='lat' dir='ltr'>et</span> <span class='ocrx_word' id='word_1_196' title='bbox 202 1610 369 1643; x_wconf 81' lang='lat' dir='ltr'>heredibus</span> <span class='ocrx_word' id='word_1_197' title='bbox 393 1611 443 1642; x_wconf 88' lang='lat' dir='ltr'>vel</span> <span class='ocrx_word' id='word_1_198' title='bbox 461 1611 641 1653; x_wconf 73' lang='lat' dir='ltr'>asingnatis</span> <span class='ocrx_word' id='word_1_199' title='bbox 664 1611 728 1643; x_wconf 86' lang='lat' dir='ltr'>suis</span> <span class='ocrx_word' id='word_1_200' title='bbox 751 1611 909 1653; x_wconf 70' lang='lat' dir='ltr'>predictas</span> <span class='ocrx_word' id='word_1_201' title='bbox 931 1615 996 1643; x_wconf 80' lang='lat' dir='ltr'>tres</span> <span class='ocrx_word' id='word_1_202' title='bbox 1018 1624 1105 1643; x_wconf 75' lang='lat' dir='ltr'>acras</span> <span class='ocrx_word' id='word_1_203' title='bbox 1121 1614 1203 1643; x_wconf 82' lang='lat' dir='ltr'>terre</span> <span class='ocrx_word' id='word_1_204' title='bbox 1220 1614 1251 1644; x_wconf 89' lang='lat' dir='ltr'>et</span> <span class='ocrx_word' id='word_1_205' title='bbox 1274 1612 1444 1644; x_wconf 79' lang='lat' dir='ltr'>dimidiam</span> <span class='ocrx_word' id='word_1_206' title='bbox 1464 1624 1535 1644; x_wconf 78' lang='lat' dir='ltr'>cum</span> <span class='ocrx_word' id='word_1_207' title='bbox 1551 1624 1620 1654; x_wconf 87' lang='lat' dir='ltr'>per-</span> 
     </span>
     <span class='ocr_line' id='line_1_22' title="bbox 151 1678 1624 1722; baseline 0.003 -13"><span class='ocrx_word' id='word_1_208' title='bbox 151 1678 298 1710; x_wconf 78' lang='lat' dir='ltr'>tinenciis</span> <span class='ocrx_word' id='word_1_209' title='bbox 328 1681 423 1721; x_wconf 88' lang='lat' dir='ltr'>prout</span> <span class='ocrx_word' id='word_1_210' title='bbox 444 1679 585 1721; x_wconf 86' lang='lat' dir='ltr'>predicte</span> <span class='ocrx_word' id='word_1_211' title='bbox 608 1682 694 1711; x_wconf 78' lang='lat' dir='ltr'>carte</span> <span class='ocrx_word' id='word_1_212' title='bbox 722 1691 779 1722; x_wconf 88' lang='lat' dir='ltr'>per</span> <span class='ocrx_word' id='word_1_213' title='bbox 801 1682 902 1712; x_wconf 84' lang='lat' dir='ltr'>metas</span> <span class='ocrx_word' id='word_1_214' title='bbox 933 1683 963 1711; x_wconf 72' lang='lat' dir='ltr'>et</span> <span class='ocrx_word' id='word_1_215' title='bbox 988 1680 1134 1712; x_wconf 76' lang='lat' dir='ltr'>boundas</span> <span class='ocrx_word' id='word_1_216' title='bbox 1156 1683 1315 1712; x_wconf 82' lang='lat' dir='ltr'>testantur</span> <span class='ocrx_word' id='word_1_217' title='bbox 1346 1681 1624 1713; x_wconf 75' lang='lat' dir='ltr'>warantizabimus</span> 
     </span>
     <span class='ocr_line' id='line_1_23' title="bbox 149 1745 1620 1792; baseline 0.002 -14"><span class='ocrx_word' id='word_1_218' title='bbox 149 1745 357 1779; x_wconf 80' lang='lat' dir='ltr'>defendemus</span> <span class='ocrx_word' id='word_1_219' title='bbox 373 1749 403 1779; x_wconf 82' lang='lat' dir='ltr'>et</span> <span class='ocrx_word' id='word_1_220' title='bbox 416 1747 665 1790; x_wconf 75' lang='lat' dir='ltr'>acquietabimus</span> <span class='ocrx_word' id='word_1_221' title='bbox 677 1748 911 1790; x_wconf 82' lang='lat' dir='ltr'>inperpetuum.</span> <span class='ocrx_word' id='word_1_222' title='bbox 959 1748 1004 1780; x_wconf 74' lang='lat' dir='ltr'>Et</span> <span class='ocrx_word' id='word_1_223' title='bbox 1019 1751 1055 1780; x_wconf 84' lang='lat' dir='ltr'>ut</span> <span class='ocrx_word' id='word_1_224' title='bbox 1068 1760 1139 1781; x_wconf 81' lang='lat' dir='ltr'>mea</span> <span class='ocrx_word' id='word_1_225' title='bbox 1154 1749 1286 1787; x_wconf 82' lang='lat' dir='ltr'>donacio</span> <span class='ocrx_word' id='word_1_226' title='bbox 1303 1750 1458 1781; x_wconf 81' lang='lat' dir='ltr'>concessio</span> <span class='ocrx_word' id='word_1_227' title='bbox 1474 1752 1505 1781; x_wconf 87' lang='lat' dir='ltr'>et</span> <span class='ocrx_word' id='word_1_228' title='bbox 1521 1749 1620 1792; x_wconf 84' lang='lat' dir='ltr'>hujus</span> 
     </span>
     <span class='ocr_line' id='line_1_24' title="bbox 152 1816 1621 1860; baseline 0.002 -13"><span class='ocrx_word' id='word_1_229' title='bbox 152 1816 307 1857; x_wconf 84' lang='lat' dir='ltr'>presentis</span> <span class='ocrx_word' id='word_1_230' title='bbox 333 1818 417 1848; x_wconf 82' lang='lat' dir='ltr'>carte</span> <span class='ocrx_word' id='word_1_231' title='bbox 442 1827 512 1848; x_wconf 90' lang='lat' dir='ltr'>mee</span> <span class='ocrx_word' id='word_1_232' title='bbox 535 1817 733 1849; x_wconf 73' lang='lat' dir='ltr'>confirmatio</span> <span class='ocrx_word' id='word_1_233' title='bbox 756 1820 825 1849; x_wconf 84' lang='lat' dir='ltr'>rate</span> <span class='ocrx_word' id='word_1_234' title='bbox 851 1820 882 1849; x_wconf 90' lang='lat' dir='ltr'>et</span> <span class='ocrx_word' id='word_1_235' title='bbox 909 1817 1037 1850; x_wconf 81' lang='lat' dir='ltr'>stabiles</span> <span class='ocrx_word' id='word_1_236' title='bbox 1068 1817 1101 1849; x_wconf 91' lang='lat' dir='ltr'>in</span> <span class='ocrx_word' id='word_1_237' title='bbox 1128 1820 1289 1860; x_wconf 80' lang='lat' dir='ltr'>posterum</span> <span class='ocrx_word' id='word_1_238' title='bbox 1315 1822 1523 1860; x_wconf 80' lang='lat' dir='ltr'>permancant</span> <span class='ocrx_word' id='word_1_239' title='bbox 1546 1818 1621 1851; x_wconf 85' lang='lat' dir='ltr'>huic</span> 
     </span>
     <span class='ocr_line' id='line_1_25' title="bbox 152 1884 1617 1928; baseline 0.003 -13"><span class='ocrx_word' id='word_1_240' title='bbox 152 1884 292 1926; x_wconf 87' lang='lat' dir='ltr'>presenti</span> <span class='ocrx_word' id='word_1_241' title='bbox 312 1886 396 1916; x_wconf 83' lang='lat' dir='ltr'>carte</span> <span class='ocrx_word' id='word_1_242' title='bbox 419 1885 562 1927; x_wconf 86' lang='lat' dir='ltr'>sigillum</span> <span class='ocrx_word' id='word_1_243' title='bbox 582 1897 689 1917; x_wconf 89' lang='lat' dir='ltr'>meum</span> <span class='ocrx_word' id='word_1_244' title='bbox 708 1886 850 1928; x_wconf 80' lang='lat' dir='ltr'>apposui.</span> <span class='ocrx_word' id='word_1_245' title='bbox 909 1887 985 1919; x_wconf 87' lang='lat' dir='ltr'>Hiis</span> <span class='ocrx_word' id='word_1_246' title='bbox 1008 1886 1143 1919; x_wconf 85' lang='lat' dir='ltr'>testibus</span> <span class='ocrx_word' id='word_1_247' title='bbox 1169 1912 1174 1918; x_wconf 92' lang='lat'><em>.</em></span> <span class='ocrx_word' id='word_1_248' title='bbox 1210 1886 1384 1920; x_wconf 75' lang='lat' dir='ltr'><strong>WALTERO</strong></span> <span class='ocrx_word' id='word_1_249' title='bbox 1407 1888 1446 1919; x_wconf 84' lang='lat' dir='ltr'>de</span> <span class='ocrx_word' id='word_1_250' title='bbox 1471 1887 1585 1920; x_wconf 62' lang='lat' dir='ltr'>Rmm</span> <span class='ocrx_word' id='word_1_251' title='bbox 1612 1915 1617 1920; x_wconf 96' lang='lat'>.</span> 
     </span>
     <span class='ocr_line' id='line_1_26' title="bbox 153 1952 1621 1989; baseline 0.003 -5"><span class='ocrx_word' id='word_1_252' title='bbox 153 1952 330 1985; x_wconf 74' lang='lat' dir='ltr'>MAumcio</span> <span class='ocrx_word' id='word_1_253' title='bbox 350 1954 416 1985; x_wconf 86' lang='lat' dir='ltr'>filio</span> <span class='ocrx_word' id='word_1_254' title='bbox 436 1953 527 1986; x_wconf 63' lang='lat' dir='ltr'><strong>YSAc</strong></span> <span class='ocrx_word' id='word_1_255' title='bbox 549 1980 555 1986; x_wconf 82' lang='lat'><strong>.</strong></span> <span class='ocrx_word' id='word_1_256' title='bbox 579 1954 748 1986; x_wconf 73' lang='lat' dir='ltr'>Pmmpo</span> <span class='ocrx_word' id='word_1_257' title='bbox 769 1955 956 1987; x_wconf 66' lang='lat' dir='ltr'>&#39;rammam</span> <span class='ocrx_word' id='word_1_258' title='bbox 981 1982 986 1987; x_wconf 94' lang='lat'>.</span> <span class='ocrx_word' id='word_1_259' title='bbox 1013 1955 1207 1988; x_wconf 79' lang='lat' dir='ltr'>WILLELMO</span> <span class='ocrx_word' id='word_1_260' title='bbox 1231 1956 1343 1988; x_wconf 62' lang='lat' dir='ltr'>meo</span> <span class='ocrx_word' id='word_1_261' title='bbox 1368 1983 1374 1988; x_wconf 93' lang='lat'><em>.</em></span> <span class='ocrx_word' id='word_1_262' title='bbox 1400 1957 1560 1989; x_wconf 73' lang='lat' dir='ltr'>HEcho</span> <span class='ocrx_word' id='word_1_263' title='bbox 1581 1958 1621 1989; x_wconf 85' lang='lat' dir='ltr'>dc</span> 
     </span>
     <span class='ocr_line' id='line_1_27' title="bbox 153 2021 586 2054; baseline 0.005 -2"><span class='ocrx_word' id='word_1_264' title='bbox 153 2021 292 2053; x_wconf 66' lang='lat' dir='ltr'>Anam</span> <span class='ocrx_word' id='word_1_265' title='bbox 311 2048 316 2053; x_wconf 95' lang='lat'>.</span> <span class='ocrx_word' id='word_1_266' title='bbox 335 2024 366 2053; x_wconf 85' lang='lat' dir='ltr'>et</span> <span class='ocrx_word' id='word_1_267' title='bbox 382 2022 452 2053; x_wconf 81' lang='lat' dir='ltr'>aliis</span> <span class='ocrx_word' id='word_1_268' title='bbox 467 2022 586 2054; x_wconf 87' lang='lat' dir='ltr'>multis.</span> 
     </span>
    </p>

    <p class='ocr_par' dir='ltr' id='par_1_6' title="bbox 199 2089 1183 2135">
     <span class='ocr_line' id='line_1_28' title="bbox 199 2089 1183 2135; baseline 0.003 -13"><span class='ocrx_word' id='word_1_269' title='bbox 199 2089 299 2122; x_wconf 84' lang='lat' dir='ltr'>Small</span> <span class='ocrx_word' id='word_1_270' title='bbox 315 2091 418 2122; x_wconf 87' lang='lat' dir='ltr'>round</span> <span class='ocrx_word' id='word_1_271' title='bbox 435 2091 508 2130; x_wconf 81' lang='lat' dir='ltr'>seal,</span> <span class='ocrx_word' id='word_1_272' title='bbox 526 2102 624 2133; x_wconf 82' lang='lat' dir='ltr'>green</span> <span class='ocrx_word' id='word_1_273' title='bbox 641 2103 722 2131; x_wconf 78' lang='lat' dir='ltr'><strong>wax,</strong></span> <span class='ocrx_word' id='word_1_274' title='bbox 740 2103 758 2124; x_wconf 79' lang='lat' dir='ltr'>a</span> <span class='ocrx_word' id='word_1_275' title='bbox 773 2095 889 2125; x_wconf 85' lang='lat' dir='ltr'>rosette</span> <span class='ocrx_word' id='word_1_276' title='bbox 906 2093 939 2124; x_wconf 78' lang='lat' dir='ltr'>of</span> <span class='ocrx_word' id='word_1_277' title='bbox 962 2093 1052 2135; x_wconf 78' lang='lat' dir='ltr'>eight</span> <span class='ocrx_word' id='word_1_278' title='bbox 1067 2093 1183 2125; x_wconf 78' lang='lat' dir='ltr'>leaves.</span> 
     </span>
    </p>
   </div>
   <div class='ocr_carea' id='block_1_5' title="bbox 654 2158 1119 2196">
    <p class='ocr_par' dir='ltr' id='par_1_7' title="bbox 654 2158 1119 2196">
     <span class='ocr_line' id='line_1_29' title="bbox 654 2158 1119 2196; baseline 0.004 -6"><span class='ocrx_word' id='word_1_279' title='bbox 654 2162 700 2196; x_wconf 80' lang='grc' dir='ltr'>ι--Ι-</span> <span class='ocrx_word' id='word_1_280' title='bbox 722 2158 747 2191; x_wconf 86' lang='lat' dir='ltr'>s&#39;</span> <span class='ocrx_word' id='word_1_281' title='bbox 767 2185 772 2191; x_wconf 93' lang='lat'><strong>.</strong></span> <span class='ocrx_word' id='word_1_282' title='bbox 791 2160 905 2192; x_wconf 82' lang='lat' dir='ltr'>WILL&#39;I</span> <span class='ocrx_word' id='word_1_283' title='bbox 924 2186 929 2192; x_wconf 93' lang='lat'><strong>.</strong></span> <span class='ocrx_word' id='word_1_284' title='bbox 947 2171 1041 2193; x_wconf 68' lang='lat' dir='ltr'>Tium</span> <span class='ocrx_word' id='word_1_285' title='bbox 1061 2186 1066 2192; x_wconf 95' lang='lat'>.</span> <span class='ocrx_word' id='word_1_286' title='bbox 1087 2187 1092 2193; x_wconf 95' lang='lat'>.</span> <span class='ocrx_word' id='word_1_287' title='bbox 1113 2187 1119 2192; x_wconf 95' lang='lat'>.</span> 
     </span>
    </p>
   </div>
   <div class='ocr_carea' id='block_1_6' title="bbox 161 2225 1612 2299">
    <p class='ocr_par' dir='ltr' id='par_1_8' title="bbox 161 2225 1612 2299">
     <span class='ocr_line' id='line_1_30' title="bbox 198 2225 1612 2258; baseline 0.004 -11"><span class='ocrx_word' id='word_1_288' title='bbox 198 2225 353 2248; x_wconf 69' lang='lat' dir='ltr'>Thouorchot</span> <span class='ocrx_word' id='word_1_289' title='bbox 370 2226 418 2248; x_wconf 68' lang='lat' dir='ltr'>and</span> <span class='ocrx_word' id='word_1_290' title='bbox 435 2226 561 2255; x_wconf 77' lang='lat' dir='ltr'>Thourgot</span> <span class='ocrx_word' id='word_1_291' title='bbox 578 2234 618 2249; x_wconf 81' lang='lat' dir='ltr'>are</span> <span class='ocrx_word' id='word_1_292' title='bbox 631 2228 727 2250; x_wconf 78' lang='lat' dir='ltr'>various</span> <span class='ocrx_word' id='word_1_293' title='bbox 744 2229 818 2250; x_wconf 73' lang='lat' dir='ltr'>forms</span> <span class='ocrx_word' id='word_1_294' title='bbox 830 2229 855 2250; x_wconf 74' lang='lat' dir='ltr'>of</span> <span class='ocrx_word' id='word_1_295' title='bbox 871 2229 995 2255; x_wconf 68' lang='lat' dir='ltr'>Thurgmi,</span> <span class='ocrx_word' id='word_1_296' title='bbox 1007 2229 1048 2251; x_wconf 79' lang='lat' dir='ltr'>the</span> <span class='ocrx_word' id='word_1_297' title='bbox 1065 2236 1177 2251; x_wconf 63' lang='lat' dir='ltr'>summme</span> <span class='ocrx_word' id='word_1_298' title='bbox 1189 2230 1213 2251; x_wconf 80' lang='lat' dir='ltr'>of</span> <span class='ocrx_word' id='word_1_299' title='bbox 1225 2236 1238 2252; x_wconf 84' lang='lat' dir='ltr'>a</span> <span class='ocrx_word' id='word_1_300' title='bbox 1251 2230 1336 2258; x_wconf 71' lang='lat' dir='ltr'>fmuily</span> <span class='ocrx_word' id='word_1_301' title='bbox 1351 2230 1431 2252; x_wconf 73' lang='lat' dir='ltr'>whose</span> <span class='ocrx_word' id='word_1_302' title='bbox 1443 2231 1562 2253; x_wconf 65' lang='lat' dir='ltr'>membcrs</span> <span class='ocrx_word' id='word_1_303' title='bbox 1572 2239 1612 2254; x_wconf 68' lang='lat' dir='ltr'>arc</span> 
     </span>
     <span class='ocr_line' id='line_1_31' title="bbox 161 2267 1006 2299; baseline 0.005 -11"><span class='ocrx_word' id='word_1_304' title='bbox 161 2267 300 2296; x_wconf 74' lang='lat' dir='ltr'>frequently</span> <span class='ocrx_word' id='word_1_305' title='bbox 313 2268 336 2290; x_wconf 86' lang='lat' dir='ltr'>in</span> <span class='ocrx_word' id='word_1_306' title='bbox 347 2268 461 2291; x_wconf 79' lang='lat' dir='ltr'>evidence</span> <span class='ocrx_word' id='word_1_307' title='bbox 472 2271 498 2290; x_wconf 80' lang='lat' dir='ltr'>at</span> <span class='ocrx_word' id='word_1_308' title='bbox 511 2268 646 2298; x_wconf 75' lang='lat' dir='ltr'>Landough</span> <span class='ocrx_word' id='word_1_309' title='bbox 658 2269 682 2291; x_wconf 84' lang='lat' dir='ltr'>in</span> <span class='ocrx_word' id='word_1_310' title='bbox 695 2269 737 2292; x_wconf 81' lang='lat' dir='ltr'>the</span> <span class='ocrx_word' id='word_1_311' title='bbox 749 2270 883 2292; x_wconf 73' lang='lat' dir='ltr'>thirteenth</span> <span class='ocrx_word' id='word_1_312' title='bbox 896 2275 1006 2299; x_wconf 76' lang='lat' dir='ltr'>century.</span> 
     </span>
    </p>
   </div>
  </div>
 </body>
</html>
