1820 2548
1519 143 1581 174 963

164 299 280 332 clamat
304 301 505 342 querelarum
534 299 758 342 predictarum,
784 311 856 331 cum
887 299 1026 342 cognitio
1051 299 1108 331 illa
1137 300 1316 341 dependeat
1340 300 1379 330 de
1402 298 1624 341 jurisdictione

163 367 315 409 predicta,
341 379 398 400 nec
424 369 464 400 ad
495 368 673 400 Dominum
704 368 827 410 Regem
857 368 996 410 pertinet
1020 370 1057 400 ut
1086 368 1172 400 idem
1202 367 1416 400 WinLanns
1446 367 1532 399 dicit.
1579 367 1625 399 Et

165 436 340 468 inhibitum
355 440 402 469 est
417 437 557 479 predicto
571 437 764 470 WILLELMO
779 436 837 469 sub
854 437 1056 469 forisfactura
1070 436 1227 468 libertatis
1239 448 1335 478 quam
1352 437 1467 468 clamat
1483 436 1516 467 in
1532 436 1624 467 terris

165 505 315 547 predictis
330 508 362 537 et
377 505 473 537 etiam
489 508 644 537 terrarum
659 506 873 547 predictarum
890 518 929 537 ne
945 505 1075 537 interim
1091 504 1297 547 querentibus
1311 504 1461 547 predictis
1470 504 1517 546 inj
1523 504 1624 536 uriam

167 574 264 605 faciat
284 574 461 606 molestiam
482 575 538 605 aut
559 585 732 616 gravamen
749 576 858 606 contra
873 574 1033 616 justitiam
1049 576 1105 605 aut
1122 573 1382 606 consuetudinem
1399 573 1540 615 partium
1555 584 1626 615 pre-

167 642 333 674 dictarum.
380 642 425 674 Et.
449 643 594 674 similiter
618 643 740 675 dietum
763 646 810 675 est
833 643 952 674 eisdem
975 642 1181 684 querentibus
1205 643 1291 684 quod
1314 641 1378 674 sint
1402 643 1442 673 ad
1464 642 1627 684 prefatum

166 712 339 743 terminum
361 723 432 743 cum
457 711 593 753 querelis
617 717 648 743 et
672 710 880 753 petitionibus
900 711 965 743 suis
990 711 1149 754 predictis,
1174 711 1200 742 si
1223 709 1283 742 sibi
1307 711 1445 742 videiint
1468 710 1627 752 expedire,

166 791 274 811 versus
289 779 410 812 dictum
427 779 651 812 WxLLELMUM
668 780 874 822 prosecuturi,
891 779 917 811 si
932 779 1074 822 cognicio
1090 780 1131 811 ad
1147 779 1314 811 dominum
1330 779 1456 822 Regem
1470 780 1629 821 pertinere

168 847 291 887 debeat,
307 852 365 879 eto.

745 1078 1054 1111 DCCOXXXVII.

137 1158 532 1192 -ΌΟΝΕΙΒΜΑΤΙΟΝ
563 1159 628 1192 BY
651 1159 872 1192 WILLIAM
902 1159 966 1191 DE
997 1159 1218 1192 BREOUSA
1249 1160 1308 1192 OF
1334 1160 1392 1201 (l),
1416 1159 1450 1192 A
1474 1159 1635 1192 GRANT

278 1227 337 1259 OF
367 1227 631 1260 LANMADOG
662 1227 727 1260 BY
757 1228 1003 1268 MARGERY,
1036 1227 1273 1260 OOUNTESS
1301 1228 1360 1259 OF
1383 1227 1635 1267 WARWIOK,

277 1295 335 1328 ΤΟ
373 1295 472 1328 THE
511 1296 771 1336 TEMPLARS,
813 1296 901 1329 AD.
941 1298 1044 1335 1156;
1081 1296 1183 1328 AND
1219 1297 1278 1339 (2),
1310 1297 1343 1329 A
1378 1296 1540 1328 GRANT
1571 1296 1637 1329 BY

277 1363 375 1396 THE
414 1364 541 1397 SAME
579 1364 636 1397 ΤΟ
675 1364 774 1397 THE
812 1364 939 1397 SAME
977 1365 1036 1397 OF
1081 1365 1184 1397 ΗΕΒ
1228 1365 1360 1397 LAND
1398 1365 1499 1397 AND
1538 1364 1636 1396 THE

279 1432 479 1465 GHURCH
517 1433 691 1473 THERE,
729 1445 752 1466 ε.
778 1436 806 1466 cl.

423 1514 575 1557 [P.R.O.,
593 1514 689 1555 Q.R.,
706 1515 846 1547 Mlscnn.
864 1515 958 1555 BKS„
975 1515 1059 1547 Vox„
1076 1514 1116 1554 Ι.,
1132 1514 1156 1546 f.
1175 1515 1238 1546 486
1253 1514 1303 1557 b.]
1352 1515 1370 1546 6
1387 1514 1480 1555 Mn,
1498 1515 1591 1547 1300.

216 1593 372 1626 Omnibus
389 1594 530 1627 Cfflusn
546 1595 694 1628 fidelibus
708 1607 837 1638 presens
860 1596 1013 1638 seriptum
1031 1595 1146 1627 visuris
1168 1595 1219 1627 vel
1241 1595 1399 1628 audituris
1422 1595 1637 1628 WILLELMUS

173 1662 212 1694 de
228 1661 385 1694 BnnousA
401 1663 549 1695 dominus
564 1663 693 1696 honoris
708 1665 747 1696 de
770 1664 941 1696 BREMBRE
957 1667 989 1696 et
1005 1663 1155 1696 Gonnmz
1170 1664 1305 1696 salutem
1324 1664 1359 1696 in
1374 1664 1525 1696 Domino.

216 1730 327 1762 Curtas
342 1731 470 1762 domine
485 1731 674 1764 MARGERIE
690 1733 852 1774 quondam
874 1733 1030 1765 comitisse
1045 1732 1278 1765 WAREWYKIE
1301 1732 1498 1774 inspeximus
1521 1732 1555 1764 in
1578 1731 1636 1764 hec

173 1797 280 1830 verba.

219 1867 276 1908 (1.)
323 1866 511 1900 Minaeum
542 1868 700 1901 comitisse¹
730 1869 962 1902 WAREWYKIE
994 1869 1186 1902 WILLELMO
1217 1868 1325 1901 comiti
1348 1868 1579 1901 WAREWYKIE
1603 1872 1635 1901 et

174 1934 321 1967 omnibus
336 1935 507 1968 baronibus
522 1937 609 1969 illius
623 1937 753 1970 honoris
767 1941 800 1970 et
815 1938 963 1970 omnibus
977 1937 1149 1970 baronibus
1165 1937 1326 1970 Gonnum
1342 1937 1486 1970 salutem.

215 2002 340 2035 Notum
356 2004 398 2036 sit
412 2004 502 2037 vobis
516 2016 567 2036 me
582 2006 705 2038 dedisse
720 2008 753 2038 et
767 2007 952 2039 concessisse
968 2007 1039 2039 Deo
1055 2009 1087 2039 et
1102 2005 1218 2038 Sancte
1240 2005 1361 2037 MAmn
1386 2004 1451 2048 [et]
1477 2005 1634 2038 militibus

172 2070 299 2114 Templi
315 2071 338 2104 J
340 2083 517 2105 ERUSALEM
534 2074 622 2115 quod
638 2074 754 2107 dicitur
776 2074 947 2117 Templum
970 2074 1160 2106 SALOMONIS
1183 2074 1222 2105 de
1243 2073 1266 2106 J
1270 2084 1446 2105 ERUSALEM
1469 2074 1579 2106 villam
1595 2074 1635 2106 de

171 2138 362 2172 LANMADOG
376 2152 448 2173 cum
464 2142 610 2174 omnibus
632 2142 837 2184 pertinenciis
853 2169 859 2175 .
877 2143 912 2175 in
926 2142 1019 2175 bosco
1036 2167 1042 2173 .
1061 2145 1093 2174 et
1115 2143 1149 2174 in
1172 2142 1268 2185 plano
1285 2167 1292 2174 .
1309 2144 1342 2174 et
1356 2142 1390 2174 in
1413 2142 1505 2184 aquis
1521 2167 1528 2174 .
1546 2144 1578 2174 et
1600 2142 1634 2175 in

172 2208 256 2240 viam
273 2233 280 2240 .
298 2211 330 2241 et
347 2213 439 2241 exn-a
449 2210 519 2242 vias
534 2222 590 2253 per
605 2222 767 2244 assensum
781 2211 935 2244 anmcl
947 2211 1008 2244 filii
1017 2213 1093 2244 meii
1107 2212 1172 2253 (sie)
1189 2211 1243 2253 qui
1255 2210 1354 2253 hujus
1365 2213 1448 2243 terre
1463 2210 1553 2243 heres
1568 2213 1634 2244 est.
