1820 2548
1562 199 1645 230 1043

225 355 319 388 feodo
334 356 374 387 de
385 355 661 388 LANDBLETHIAN
675 356 762 397 apud
778 354 1097 387 KEnmms-Douxp.
1107 355 1142 387 in
1154 355 1358 397 longitudine
1370 355 1454 386 inter
1466 357 1584 387 terram
1594 366 1691 397 quam

225 423 400 456 Emmaus
429 424 533 456 dietus
560 423 730 456 RANDULF
754 426 786 456 et
813 423 1003 455 MARGERIA
1028 436 1110 456 uxor
1134 435 1191 456 sua
1220 426 1298 455 tunc
1327 425 1501 455 tenuerunt
1531 435 1571 455 ex
1600 426 1691 465 parte

225 492 371 525 orientali
403 495 435 524 et
465 496 583 525 terram
613 503 710 534 quam
740 492 914 525 JOHANNIS
948 492 1068 524 FABER
1098 495 1129 524 et
1167 492 1386 524 MARGARETA
1417 503 1498 523 uxor
1528 503 1584 524 sua
1614 495 1691 524 tunc

226 563 400 593 tenuerunt
423 572 461 593 ex
488 563 579 603 parte
603 561 790 593 occidentali
817 561 851 592 in
877 560 1050 592 latitudine
1075 572 1149 592 vero
1176 560 1260 593 inter
1288 563 1406 592 terram
1429 571 1527 603 quam
1556 559 1691 602 predicti

227 629 401 661 Rmmznus
422 629 591 665 Rmncmv
613 631 645 661 et
663 629 855 661 MARGERIA
878 641 960 661 uxor
978 640 1035 661 sua
1051 632 1128 661 tunc
1149 632 1323 661 tenuerunt
1339 641 1378 661 ex
1398 632 1489 671 parte
1505 628 1638 661 australi
1661 633 1693 660 et

226 701 344 730 terram
367 698 522 730 HENR101
544 699 574 730 le
597 697 771 730 MAcnotm
794 709 833 729 ex
849 701 940 740 parte
955 697 1077 730 boriali.
1125 697 1322 730 Habendam
1338 701 1369 729 et
1385 698 1558 729 tenendam
1574 697 1693 729 dictam

227 766 394 798 dimidiam
419 778 524 799 acram
547 771 630 798 terre
651 766 780 798 arabilis
801 778 874 798 cum
896 766 961 798 suis
976 766 1183 808 pertinenciis
1198 767 1238 798 de
1254 766 1383 808 capitali
1399 766 1529 798 domino
1545 765 1632 797 feodi
1655 766 1695 797 de

226 833 502 866 LANDBLETHIAN
535 835 590 876 qui
623 845 680 876 pro
718 836 860 877 tempore
897 834 996 866 fuerit
1034 834 1184 877 predictis
1221 834 1243 866 J
1245 845 1379 866 OHANNI
1417 834 1483 866 fflio
1520 833 1543 865 J
1545 843 1695 865 offimms

227 902 417 935 STYWARDE
454 902 621 935 ISABELLE
651 903 716 935 filie
754 902 889 935 Romam
928 903 958 935 le
989 903 1140 935 SCOPARE
1171 903 1263 935 uxori
1293 914 1348 934 sue
1379 906 1410 934 et
1440 901 1610 934 heredibus
1641 912 1697 933 seu

228 971 398 1014 assignatis
421 971 498 1003 dicti
514 971 537 1004 J
538 982 689 1003 OHANNIS
704 971 764 1004 fflii
785 971 807 1004 J
809 982 959 1003 OHANNIS
975 971 1166 1003 STnvARDE
1182 971 1281 1004 libere
1296 971 1403 1013 quiete
1418 971 1546 1012 integre
1560 970 1641 1002 bene
1663 972 1696 1001 et

226 1040 261 1072 in
284 1051 360 1082 paee
382 1039 455 1081 jure
474 1040 666 1072 hereditario
688 1051 745 1083 per
768 1040 914 1072 redditus
934 1043 966 1072 et
988 1040 1119 1072 servicia
1141 1040 1216 1072 inde
1239 1039 1346 1071 debita
1367 1042 1399 1071 et
1415 1042 1565 1071 consueta
1580 1038 1697 1080 imper-

227 1110 370 1151 petuum.
416 1108 471 1140 Ita
486 1109 634 1140 videlicet
649 1109 736 1151 quod
751 1120 810 1151 ego
826 1109 930 1141 dictus
954 1109 1130 1141 Rmnmxs
1145 1120 1185 1151 ap
1208 1108 1325 1140 DAVID
1341 1119 1396 1140 seu
1412 1108 1545 1139 heredes
1560 1107 1624 1139 mei
1640 1118 1695 1139 seu

227 1177 382 1219 assignati
409 1188 464 1209 seu
489 1177 606 1219 aliquis
630 1177 681 1209 vel
707 1177 815 1219 aliqua
841 1188 898 1220 per
922 1188 973 1209 me
1000 1188 1057 1219 pro
1081 1188 1132 1209 me
1159 1189 1216 1209 seu
1238 1177 1368 1209 nomine
1392 1187 1462 1208 meo
1488 1187 1542 1208 seu
1569 1175 1699 1207 nomine

228 1245 382 1278 heredum
403 1257 546 1278 meorum
570 1257 625 1278 seu
652 1246 886 1289 assignatorum
910 1246 1039 1278 nullum
1064 1246 1118 1288 jus
1143 1250 1199 1278 aut
1223 1245 1375 1278 clamium
1398 1245 1432 1276 in
1455 1245 1540 1276 dicta
1565 1243 1700 1276 dimidia

228 1325 300 1346 acra
319 1317 402 1347 terre
418 1326 490 1347 cum
509 1315 575 1347 suis
590 1315 795 1357 pertinenciis
817 1316 961 1347 decetero
984 1315 1113 1357 exigere
1135 1314 1251 1346 habere
1267 1317 1323 1346 aut
1339 1314 1510 1346 reclamare
1525 1313 1700 1355 poterimus

229 1383 474 1426 imperpetuum.
526 1384 568 1416 In
593 1384 686 1426 cujus
712 1384 758 1416 rei
780 1384 1001 1416 testimonium
1026 1384 1100 1416 huic
1116 1384 1256 1426 presenti
1279 1383 1394 1425 scripto
1421 1382 1565 1424 sigissum
1592 1392 1700 1413 meum

228 1452 370 1494 apposui.
417 1451 494 1484 Hiis
509 1452 644 1484 testibus
660 1478 666 1484 .
685 1452 706 1484 J
709 1463 850 1484 OHANNE
866 1452 986 1484 Losoo
1004 1478 1010 1484 .
1027 1453 1244 1484 ALEXANDRO
1265 1452 1350 1484 dicto
1369 1451 1501 1483 Pmom:
1520 1477 1526 1482 .
1544 1450 1699 1482 Rmumo

229 1521 296 1553 fflio
314 1519 492 1552 STEPHANI
516 1521 621 1553 clerici
645 1546 652 1553 .
678 1522 835 1553 HEcho
856 1521 886 1553 le
908 1521 1080 1554 NERBERD
1098 1547 1104 1553 .
1122 1521 1284 1553 Hmmco
1306 1522 1335 1553 le
1351 1520 1526 1552 MACHOUN
1546 1545 1551 1551 .
1570 1522 1601 1551 et
1617 1519 1697 1550 aliis.

273 1590 398 1622 Datum
413 1590 499 1632 apud
515 1589 701 1622 COUBRUGG
717 1590 768 1622 die
783 1589 878 1622 Lune
893 1591 1040 1633 proxima
1055 1593 1127 1632 post
1142 1590 1261 1622 festum
1277 1589 1387 1622 Sancti
1403 1589 1547 1620 Munna
1564 1587 1698 1630 apostoli

230 1669 314 1690 anno
330 1658 423 1700 regni
437 1657 538 1700 Regis
553 1657 724 1690 Emmnm
739 1659 798 1691 filii
814 1658 984 1691 EDWARDI
1003 1659 1104 1702 Regis
1121 1659 1252 1691 decimo.

272 1728 306 1759 A
327 1727 418 1769 lump
444 1727 507 1758 seal
532 1727 567 1758 in
593 1738 691 1769 green
714 1739 806 1766 wax;
831 1728 960 1760 broken.
1007 1727 1077 1760 The
1103 1727 1211 1760 device
1236 1738 1336 1759 seems
1360 1729 1394 1759 to
1418 1727 1499 1758 have
1523 1726 1603 1758 been
1624 1725 1697 1757 four

229 1795 350 1828 ermine
365 1799 451 1838 spots
466 1795 500 1827 in
516 1807 607 1834 cross,
623 1805 659 1828 οι·
674 1807 692 1827 a
709 1800 774 1828 star
788 1797 888 1838 rayed
901 1809 909 1835 ;
934 1798 998 1828 and
1015 1796 1070 1828 the
1086 1797 1215 1839 legend,
1232 1800 1240 1812 ‘
1253 1808 1277 1828 s,
1296 1806 1372 1827 Rch
1378 1820 1498 1828 ......
1506 1794 1512 1807 ”

273 1864 332 1886 This
345 1864 452 1891 Charter,
462 1864 514 1886 also
526 1864 606 1892 dated,
617 1864 666 1886 and
677 1864 782 1893 relating
793 1869 819 1886 to
832 1864 1010 1893 maumeth-zan,
1020 1864 1131 1887 contains
1144 1865 1188 1887 but
1199 1871 1244 1887 one
1254 1864 1337 1886 Welsh
1349 1870 1425 1891 name,
1436 1863 1540 1886 Richard
1552 1870 1583 1891 ap
1593 1862 1671 1884 David
1682 1871 1686 1884 z

236 1907 283 1928 and
295 1914 340 1929 one
351 1910 443 1935 county
456 1913 532 1934 name,
544 1906 629 1935 fleury
641 1906 662 1928 lc
674 1906 788 1928 Nerberd,
