1820 2548
1556 124 1619 156 995

240 284 400 318 Volumus
415 284 545 326 iusuper
561 284 645 326 quod
661 283 770 315 statim
788 294 860 315 cum
884 283 947 316 felc
971 295 1064 326 super
1087 283 1209 316 felonia
1231 282 1450 315 committatur
1472 284 1556 314 terra
1578 282 1663 324 ejus-

199 353 273 385 dem
299 353 492 385 extendatur
514 364 570 395 per
594 354 828 384 sacramentum
853 352 1025 394 proborum
1050 355 1082 384 et
1107 352 1261 395 legalium
1291 351 1459 383 hominum
1489 362 1550 393 que
1580 352 1665 382 terra

197 421 327 453 domino
352 432 408 453 suo
433 420 658 464 im[media]te
680 420 766 452 infra
788 432 930 452 mensem
953 433 971 452 a
994 424 1135 463 tempore
1159 419 1366 452 convictionis
1388 418 1550 457 liberetur,
1574 418 1666 450 nobis

198 492 306 522 tamen
322 489 407 522 facta
423 489 589 522 securitate
604 491 732 521 extente
747 489 892 531 ejusdem
908 492 991 521 terre
1006 490 1048 521 ad
1067 489 1206 522 valorem
1228 489 1325 520 unius
1340 488 1417 520 anni
1433 490 1465 520 et
1480 488 1576 519 unius
1591 487 1663 520 diei.

244 569 454 602 Concedimus
485 570 582 603 etiam
612 570 698 612 quod
728 569 921 602 WALENsEs
951 573 1018 602 tam
1052 571 1086 602 in
1120 569 1272 603 subbosco
1306 580 1403 612 quam
1441 568 1667 611 supraboscum

201 639 354 671 animalia
376 650 573 681 quecumque
595 638 826 671 ANGLICORUM
849 639 1065 681 predictorum
1088 639 1206 681 absque
1229 638 1412 681 calumpnia
1439 650 1494 670 seu
1516 638 1666 670 amercia-

201 710 310 740 mento
326 707 423 740 libere
438 708 561 750 possint
576 707 743 740 custodire.

244 790 330 822 Item
346 790 563 832 unusquisque
579 789 659 822 liber
674 789 769 822 homo
792 790 890 822 semel
904 790 939 821 in
955 801 1040 822 anno
1057 789 1222 822 cervisiam
1237 789 1335 822 faciat
1350 800 1408 832 pro
1423 789 1589 821 voluntate
1611 799 1669 821 sua

201 859 403 890 vendendam
427 861 460 890 et
483 858 598 890 iterato
623 858 830 891 consimiliter
855 859 979 891 ratione
1007 858 1145 901 alicujus
1170 858 1295 901 negocii
1322 858 1574 900 supervenientis
1601 857 1668 889 sine

201 927 457 959 amerciamento.
519 926 783 959 Convencionarii
821 929 929 959 autem
959 929 992 959 et
1022 938 1131 959 omnes
1161 927 1218 959 alii
1250 929 1396 959 tenentes
1426 927 1538 959 eodem
1575 927 1670 959 modo

201 995 351 1028 braceant
377 995 474 1027 semel
504 995 538 1028 in
570 1007 654 1028 anno
684 995 871 1028 necessitate
904 995 1047 1038 qualibet
1076 996 1164 1028 ducti
1192 996 1407 1034 vendendum,
1432 999 1527 1038 prout
1557 995 1672 1028 melius

203 1064 343 1107 poterint
359 1064 427 1097 sine
443 1063 697 1096 amerciamento.

245 1144 331 1177 Item
354 1144 574 1187 unusquisque
596 1144 678 1177 liber
699 1144 795 1177 homo
817 1156 858 1177 ex
882 1144 1034 1187 predictis
1058 1144 1174 1177 habeat
1200 1145 1235 1177 in
1257 1144 1359 1178 boscis
1381 1148 1413 1177 et
1435 1145 1470 1177 in
1493 1145 1586 1178 terris
1608 1145 1672 1177 suis

205 1214 304 1246 aerias
323 1213 495 1253 falconum,
512 1213 775 1256 esparvariorum,
792 1216 824 1245 et
846 1216 1025 1246 ceterarum
1048 1214 1166 1254 axium,
1183 1213 1330 1246 similiter
1351 1225 1485 1246 examen
1508 1214 1618 1257 apium
1641 1216 1673 1246 et

203 1282 267 1314 mel
283 1283 369 1324 quod
383 1282 551 1314 inventum
567 1281 665 1314 fuerit
680 1281 715 1314 in
731 1282 796 1314 suis
810 1281 911 1314 boscis
925 1281 1043 1324 absque
1060 1282 1231 1324 cujuslibet
1248 1283 1440 1325 calumpnia.

247 1363 368 1396 Nullus
384 1374 510 1406 quoque
526 1374 566 1395 ex
582 1363 746 1396 forinsecis
761 1363 907 1406 ejusdem
922 1364 1025 1406 patrie
1048 1364 1202 1396 efficiatur
1222 1364 1438 1407 responsibilis
1453 1365 1487 1396 in
1509 1364 1613 1407 burgo
1634 1365 1673 1397 de

206 1431 426 1464 SVEYNESEYA
450 1434 481 1463 et
501 1432 541 1464 de
562 1430 770 1464 Lozcrmum
790 1432 914 1464 ratione
935 1432 1107 1475 cujuslibet
1129 1433 1398 1476 transgressionis,
1420 1434 1471 1465 vel
1494 1436 1674 1466 contractus

206 1502 296 1532 extra
316 1500 513 1543 procinctum
535 1511 644 1532 earum
660 1500 810 1533 villarum
833 1501 921 1540 faeti,
939 1503 986 1533 set
1004 1512 1062 1533 nec
1085 1501 1137 1533 die
1162 1502 1330 1534 comitatus
1345 1502 1407 1534 nisi
1422 1502 1542 1535 ibidem
1561 1503 1672 1535 eadem

206 1569 258 1601 die
273 1568 453 1611 deliquerit,
469 1568 532 1600 nisi
546 1569 643 1601 fuerit
659 1572 814 1602 mercator
830 1571 1007 1602 communis
1022 1572 1164 1613 tempore
1179 1571 1409 1603 mmdinarum.

250 1650 368 1682 Omnia
391 1662 463 1683 vero
487 1650 617 1693 justicia
639 1653 671 1683 et
695 1652 825 1684 recorda
846 1651 880 1683 in
903 1652 988 1684 dicto
1012 1651 1166 1684 comitatu
1189 1653 1452 1695 qualitercunque
1473 1655 1673 1697 emergencia

205 1719 382 1752 reddantur
412 1721 444 1751 et
473 1719 719 1762 promulgentur
749 1720 940 1753 discrecione
971 1722 1002 1752 et
1033 1719 1164 1753 arbitrio
1194 1723 1386 1754 sectatorum
1415 1722 1549 1764 antiqua
1578 1723 1673 1756 feoda

208 1787 350 1820 militum
368 1787 560 1826 tenencium,
576 1787 723 1820 videlicet
745 1789 869 1821 domiui
889 1789 929 1821 de
944 1789 1092 1830 annss,
1108 1791 1231 1823 domini
1254 1791 1294 1823 de
1316 1791 1534 1832 PonTEYNoN,
1551 1793 1674 1825 domini

206 1857 247 1888 de
278 1855 486 1895 onum-cmx,
517 1856 639 1888 domini
676 1857 715 1889 de
750 1856 926 1898 Hamus,
959 1858 1082 1891 domini
1115 1859 1155 1891 de
1186 1859 1448 1900 WEBBELEGHA,
1479 1862 1602 1894 domini
1634 1862 1673 1894 de

208 1924 558 1964 SCORLAGGESKASTEL‚
581 1925 704 1957 domini
726 1926 766 1958 de
790 1925 1153 1967 RENEWARDESTOUNE,
1177 1928 1300 1960 domini
1322 1929 1362 1961 de
1388 1928 1674 1971 ΚΝΟΥιΕεΤουΝΕ,

208 1993 329 2025 domini
345 1993 385 2025 de
408 1992 591 2033 PENMAYN,
607 1993 731 2026 domini
745 1994 785 2026 de
807 1994 1106 2036 Nmnomsrounn,
1123 1996 1246 2028 domini
1262 1997 1302 2029 de
1324 1996 1540 2037 Possumne,
1558 1998 1674 2032 VERN-

210 2072 324 2093 numm.
347 2064 379 2094 et
401 2061 596 2102 Puromm,
613 2064 645 2094 et
667 2062 789 2095 domini
804 2064 843 2096 de
860 2062 1164 2105 Srmnwmnueen,
1181 2077 1246 2098 non
1261 2065 1408 2098 obstante
1424 2067 1675 2101 contmdiocione

207 2130 345 2172 alicujus
374 2130 505 2163 alterius
543 2131 683 2164 tenentis
713 2131 859 2175 ejusdem
895 2133 1009 2175 patrie,
1040 2136 1073 2166 et
1103 2134 1279 2167 secundum
1309 2146 1420 2168 eorum
1449 2135 1571 2179 judicia
1596 2137 1677 2170 fiant

206 2199 420 2232 execuciones.
