1820 2548
211 228 293 259 1172

759 380 1035 414 DCCCCXLIX.

164 463 335 496 POWER
358 464 416 496 OF
440 462 699 496 ATTORNEY
722 462 786 494 BY
810 462 1030 494 WILLIAM
1053 461 1117 494 LA
1148 461 1376 500 ZOUSGHE,
1408 461 1535 495 LORD
1567 461 1633 495 OF

273 531 570 564 GLAMORGAN
615 530 715 563 AND
759 530 971 569 MORGAN,
1010 529 1067 562 ΤΟ
1107 529 1221 563 GIVE
1259 529 1530 563 POSSESSION
1567 529 1628 563 OF

271 600 404 632 LAND
437 600 491 632 IN
525 599 623 631 THE
658 598 827 631 MANOR
863 598 922 631 OF
958 598 1286 631 LLANGONETH
1325 598 1383 631 ΤΟ
1417 598 1626 632 MARGAM

268 668 440 701 ABBEY.

698 710 871 754 [MARGAM
895 710 1088 753 Oxum-ER]

1012 786 1053 817 23
1070 786 1174 818 Juxss.
1221 787 1240 817 5
1256 785 1352 818 Enw.
1371 785 1439 817 III.
1487 786 1580 817 1331.

204 862 417 895 WlLLEmws
436 862 467 894 la
487 862 643 894 Zouscl-tss
666 861 815 893 dominus
837 860 1109 893 GLAMORGANCIE
1130 864 1162 893 et
1183 860 1392 892 MORGANcm
1413 860 1562 893 omnibus
1584 860 1626 893 ad

156 942 234 972 quos
250 934 411 973 presentes
426 930 532 962 littere
548 929 750 971 pervenerint
768 954 774 960 .
792 929 929 961 salutem
944 929 978 961 in
994 929 1144 961 Domino.

202 1000 284 1032 Cum
307 1011 364 1031 nos
388 1000 427 1031 de
449 1010 603 1031 consensu
627 1001 658 1030 et
678 998 843 1030 voluntate
865 997 1047 1030 ALlANORE
1069 997 1233 1030 karissime
1261 997 1414 1030 consortis
1442 1000 1548 1030 nostre
1570 997 1631 1030 de*

159 1068 300 1100 derimus
323 1071 353 1099 et
376 1067 619 1099 concesserimus
640 1067 711 1099 Deo
727 1070 758 1098 et
778 1067 905 1099 ecclesie
919 1066 1011 1098 beate
1032 1065 1152 1098 Mam
1168 1067 1208 1098 de
1223 1066 1377 1098 MARGAN
1395 1068 1427 1097 et
1442 1077 1484 1098 m.
1502 1066 1522 1098 i.
1540 1065 1582 1098 D.
1599 1077 1624 1098 s.

157 1147 255 1168 unam
268 1147 373 1168 aeram
383 1141 465 1167 terre
475 1135 509 1167 in
520 1135 661 1167 manerio
672 1138 779 1166 nostro
790 1135 830 1166 de
840 1134 1070 1166 LAxouxEm’
1082 1136 1113 1166 et
1123 1134 1363 1166 advocationem
1374 1133 1502 1166 ecclesie
1513 1133 1624 1166 Sancti

157 1205 279 1237 Cvm'n
296 1205 442 1247 ejusdem
457 1204 593 1236 manerii
609 1215 681 1235 cum
704 1204 892 1235 sanctuariis
913 1206 945 1235 et
968 1203 1096 1246 capellis
1117 1202 1339 1245 adjacentibus
1362 1205 1456 1245 prout
1478 1202 1513 1234 in
1536 1204 1623 1235 carta

154 1279 264 1305 nostra
286 1273 361 1304 inde
382 1272 527 1304 confecta
549 1272 675 1314 plenius
697 1272 879 1304 continetur
903 1297 909 1303 .
936 1271 1004 1303 Nos
1031 1282 1104 1303 vero
1125 1282 1181 1313 per
1203 1273 1364 1313 presentes
1387 1271 1622 1314 assignavimus

155 1344 187 1373 et
211 1341 279 1373 loco
307 1344 413 1372 nostro
441 1340 602 1383 posuimus
626 1340 794 1372 dominum
815 1339 1000 1371 Howmnm
1021 1351 1062 1381 ap
1083 1339 1218 1371 Howm„
1238 1339 1455 1371 vicecomitem
1475 1341 1620 1370 nostrum

155 1410 427 1442 GLAMORGANCIF.
450 1412 482 1440 et
510 1408 699 1440 Romanu->1
727 1409 766 1440 de
791 1408 987 1441 WESTERNE
1015 1407 1284 1439 constabularium
1305 1408 1345 1438 de
1373 1406 1554 1438 KENm-EG’
1578 1407 1621 1439 ad

153 1478 339 1520 ponendum
365 1477 495 1509 dilectos
516 1476 607 1508 nobis
631 1477 664 1508 in
695 1476 843 1508 Oumsro
861 1502 867 1507 .
887 1502 892 1507 .
911 1475 1059 1508 abbatem
1084 1476 1122 1507 de
1148 1475 1301 1507 MARGAN
1330 1478 1361 1507 et
1386 1475 1531 1517 ejusdem
1557 1475 1618 1507 loci

155 1549 348 1579 conventum
364 1546 398 1577 in
414 1545 591 1587 plenariam
606 1547 637 1576 et
661 1544 824 1586 pacificam
844 1544 992 1576 seisinam
1015 1544 1054 1575 de
1078 1544 1219 1585 predicta
1241 1546 1326 1575 terra
1351 1543 1560 1576 advooaoione
1587 1545 1620 1575 et

154 1614 302 1647 omnibus
318 1614 389 1645 aljis
404 1613 469 1645 suis
490 1613 691 1655 pertinentiis
714 1613 883 1645 antedictis
906 1613 1081 1644 tenendum
1105 1613 1279 1644 seeundum
1304 1612 1440 1644 formam
1461 1614 1546 1644 carte
1564 1623 1625 1644 sue

154 1683 229 1714 inde
245 1682 396 1714 confecto.
444 1681 485 1713 In
501 1681 594 1723 cujus
609 1682 654 1713 rei
678 1681 897 1713 testimonium
920 1680 977 1712 has
999 1681 1108 1712 literas
1130 1684 1254 1712 nostras
1272 1681 1421 1723 predictis
1443 1680 1621 1712 vicecomiti

155 1754 262 1783 nostro
279 1754 310 1782 et
326 1750 486 1782 Romano
503 1750 542 1781 de
558 1749 754 1781 WnerRNE
770 1749 839 1781 fien'
855 1749 986 1781 fecimus
1001 1752 1146 1791 patentes
1161 1749 1267 1791 sigillo
1282 1751 1390 1781 nostro
1406 1749 1618 1791 consignatas.

199 1819 322 1851 Datum
343 1819 429 1860 apud
445 1817 594 1849 szmr’
612 1818 760 1850 vicesimo
783 1817 876 1849 teitio
901 1817 952 1849 die
979 1817 1000 1849 J
1003 1817 1071 1849 unii
1095 1828 1179 1849 anno
1202 1817 1295 1859 regni
1322 1817 1423 1859 Regis
1446 1817 1616 1848 EDWARm

155 1887 244 1919 tercii
260 1890 330 1929 post
347 1890 554 1928 conquestum
570 1886 692 1928 quinto.

199 1955 282 1994 Seal‚
299 1966 341 1986 an
357 1954 520 1997 elegantly
537 1955 690 1996 designed
707 1954 787 1992 oval,
806 1954 839 1985 in
864 1954 942 1985 dark
965 1966 1062 1996 green
1087 1966 1167 1992 wax,
1196 1954 1279 1995 lgin.
1306 1954 1402 1985 diam.
1448 1953 1482 1985 A
1497 1953 1617 1986 eentral

156 2024 258 2056 shield
282 2023 316 2055 of
338 2034 430 2060 arms,
459 2024 496 2053 10
520 2022 681 2062 roundels,
703 2024 732 2061 4,
758 2024 787 2061 3,
814 2024 845 2059 2,
872 2023 886 2053 1
914 2023 961 2054 sor
984 2022 1134 2061 Zoucnss,
1159 2022 1270 2064 placed
1294 2022 1327 2053 in
1354 2033 1373 2053 a
1394 2021 1564 2063 quatrefoil
1583 2021 1618 2054 of

153 2091 321 2124 decorated
337 2095 471 2131 tracery,
487 2090 520 2122 in
537 2090 613 2122 each
629 2090 686 2122 soil
702 2102 721 2122 a
737 2091 829 2122 small
845 2090 947 2122 shield
963 2090 997 2122 of
1012 2090 1100 2122 three
1116 2090 1268 2122 chevrons
1284 2090 1334 2122 for
1350 2090 1474 2122 CLARE.

197 2159 385 2202 Legend—-‘
398 2183 660 2190 ...........
679 2169 720 2190 LA
736 2158 887 2190 zevene?

195 2227 361 2260 Endorsed
378 2227 411 2258 in
428 2227 491 2258 late
506 2226 778 2269 handwriting—‘
792 2227 877 2258 Acra
893 2228 926 2258 in
944 2226 1144 2269 Langoned.’
1182 2229 1190 2243 ‘
1205 2226 1383 2269 Langoned
1399 2237 1501 2268 geven
1517 2226 1612 2269 longe

150 2295 234 2328 after
250 2294 492 2327 Havodhaloek.
540 2295 580 2326 23
597 2294 619 2327 J
622 2295 689 2326 unii
706 2306 790 2327 anno
807 2295 940 2327 Domini
964 2295 1069 2326 1331)
