1820 2548
185 166 248 196 893

139 324 171 354 et
201 321 318 364 populo
348 321 485 352 eivitatis
514 324 545 353 et
576 320 708 352 diocesis
740 319 980 351 LANDAVBNSIS
1011 319 1144 361 aliisque
1175 319 1240 351 suis
1269 318 1404 350 subditis
1434 318 1599 351 humiliter

139 389 275 427 obedire,
307 400 430 421 necnon
460 392 491 421 et
521 388 768 420 contradictores
799 399 892 430 super
922 387 990 427 hoo,
1020 388 1046 420 si
1077 388 1132 430 qui
1159 387 1291 426 fuerint,
1316 387 1366 419 vel
1390 387 1521 419 rebelles
1543 398 1599 429 per

140 469 305 490 censuram
325 457 575 495 ecelesiasticam,
599 456 812 499 appellatione
834 456 1019 499 postposita,
1041 456 1258 498 compescendi
1278 456 1405 498 plenam
1421 458 1451 488 et
1467 455 1600 488 liberam

136 526 330 559 authoritate
346 526 517 567 apostoliea
533 528 732 567 potestatem.

182 594 304 626 Datum
319 594 456 628 Aurum:
473 619 479 625 .
499 604 543 625 v1.
561 592 636 625 non’
654 592 799 625 Octobris
816 618 822 624 .
840 593 1042 635 pontificatus
1058 593 1158 624 nostri
1173 603 1257 624 anno
1275 593 1386 635 primo.

724 748 1015 782 DCCLXXXIX.

136 831 322 864 LETTER
376 829 506 862 FROM
559 829 746 862 ROBERT
799 829 1130 869 WINCHELSEY,
1178 829 1484 862 AROHBISHOP
1537 829 1597 861 OF

244 899 338 931 CAN
341 898 578 938 TERBURY,
595 898 652 930 TO
669 898 881 931 EDWARD
905 898 945 937 Ι.,
961 898 1228 931 NOTIFYING
1246 898 1344 930 THE
1360 897 1596 931 ELECTION

243 968 302 1000 OF
324 967 451 1000 JOHN
474 967 538 999 DE
562 966 837 999 MONMOUTH
868 966 925 999 ΤΟ
951 966 1048 998 THE
1072 966 1158 998 SEE
1182 967 1241 998 OF
1263 966 1530 999 LLANDAFF.

179 1049 364 1092 [Bi-snum
391 1059 546 1080 BREVIUM
572 1059 611 1079 ET
636 1059 758 1079 EPISTT.
792 1059 827 1079 nx·
851 1047 972 1080 Tuane
1000 1048 1119 1086 Low,
1147 1059 1236 1080 ANNO
1259 1049 1299 1080 21
1325 1048 1480 1080 Enwmn
1503 1047 1550 1091 L]

449 1116 506 1159 [B.
532 1116 674 1155 Wums,
698 1115 835 1148 Smwm·
858 1127 898 1148 or
922 1116 1119 1155 LLANDAFF‚
1143 1128 1173 1158 p.
1201 1116 1291 1159 136.]

1098 1197 1116 1227 5
1141 1196 1278 1228 MARcH.
1327 1197 1551 1229 1294—1295.

176 1279 352 1322 Magnifieo
368 1278 511 1320 Principi
523 1278 664 1309 Domino
681 1277 857 1309 Enwinno
870 1276 932 1309 Dei
948 1277 1052 1319 gratia
1068 1277 1185 1309 illustri
1198 1277 1283 1319 Regi
1294 1277 1443 1309 ANGUAE
1454 1278 1595 1310 Domino

132 1348 323 1381 Hmmxm
333 1351 365 1379 et
380 1347 465 1378 Duci
477 1346 684 1380 Aommmffi
701 1345 902 1388 R[ommus
917 1345 956 1376 de
970 1344 1220 1388 Wmcmzrsm]
1242 1371 1247 1376 .
1265 1346 1470 1387 permissione
1485 1346 1595 1378 divina

133 1416 406 1448 CANTUARIENSIS
424 1414 677 1456 archiepiscopus
696 1413 794 1445 totius
819 1413 966 1445 AxGuAE
992 1413 1120 1455 primas,
1145 1414 1281 1445 salutem
1305 1414 1338 1445 in
1362 1425 1398 1446 eo
1420 1425 1476 1456 per
1498 1425 1594 1456 quem

133 1496 224 1527 reges
236 1486 373 1526 regnant
389 1486 420 1515 et
436 1483 594 1525 principes
610 1482 825 1514 dominantur.

179 1552 261 1584 Cum
277 1563 378 1594 nuper
393 1562 530 1583 essemus
546 1551 632 1593 apud
647 1551 753 1582 sedem
774 1549 979 1591 apostolicam
995 1549 1202 1591 personaliter
1217 1550 1382 1582 constituti
1403 1552 1434 1582 et
1450 1549 1595 1592 ejusdem

134 1621 217 1654 sedis
239 1620 426 1652 auctoritate
451 1620 628 1652 confirmati
653 1630 689 1650 ac
715 1618 812 1650 etiam
836 1618 1008 1650 consecrati
1033 1628 1070 1649 ao
1094 1618 1234 1659 palleati,
1260 1618 1476 1650 sanctissimus
1504 1620 1595 1661 pater

135 1692 242 1722 noster
263 1689 479 1721 COELESTINOE
501 1688 591 1730 Papa
612 1687 753 1729 quintus,
774 1686 884 1718 audito
904 1689 936 1718 et
963 1686 1122 1718 intellecto
1143 1687 1229 1728 quod
1254 1687 1443 1718 cathedralis
1467 1687 1597 1719 eeclesia

136 1757 376 1790 LANDAVENSIS
406 1755 638 1797 metropolitica
674 1755 764 1787 nobis
793 1755 865 1797 jure
895 1753 1039 1796 subjecta
1068 1754 1220 1786 diuturno
1250 1757 1392 1797 tempore
1421 1755 1596 1797 permansit

133 1826 268 1868 pastoris
292 1824 450 1867 regimine
476 1824 641 1862 destituta,
667 1824 713 1855 ita
737 1824 823 1865 quod
847 1823 918 1866 ejus
939 1823 1076 1865 provisio
1101 1823 1274 1854 secundum
1296 1823 1454 1865 generalis
1473 1825 1595 1855 statuta

136 1894 259 1926 concilii
276 1894 316 1925 ad
332 1893 451 1924 dictam
466 1893 572 1923 sedem
587 1891 695 1923 extitit
714 1891 858 1933 legitime
881 1891 1040 1927 devoluta,
1058 1891 1166 1922 volens
1190 1891 1323 1922 eandem
1346 1891 1508 1922 ecclesiam
1523 1901 1600 1932 quae

135 1973 175 1994 ex
191 1961 375 2003 hujusmodi
392 1960 555 1993 vacatione
570 1959 696 1992 diutina
711 1959 823 2001 gravia
843 1959 995 1991 sustinuit
1019 1959 1052 1990 in
1076 1958 1294 2000 spiritualibus
1316 1962 1349 1990 et
1370 1959 1596 2001 temporalibus

135 2030 327 2061 detrimenta
364 2041 382 2060 a
419 2028 594 2070 dispendiis
631 2039 650 2059 a
694 2028 863 2070 prolixiore
902 2028 1065 2060 vacatione
1116 2027 1359 2059 imminentibus
1402 2038 1592 2069 preservare,

133 2098 367 2130 ordinationem
397 2097 496 2138 ipsius
526 2096 663 2128 ecclesiae
702 2095 953 2134 LAanvxzxffls,
982 2096 1041 2128 hac
1068 2096 1134 2127 vice
1165 2095 1256 2127 nobis
1286 2096 1421 2127 duxerat
1451 2095 1598 2127 commit-

133 2166 274 2203 tendam,
313 2164 511 2196 concedendo
554 2163 646 2196 nobis
682 2166 872 2206 potestatem
909 2163 1092 2205 preficiendi
1128 2163 1231 2195 eidem
1261 2163 1398 2195 ecolesiae
1428 2173 1596 2205 personam

133 2233 290 2271 idoneam,
321 2244 382 2274 que
413 2235 503 2264 tanto
541 2236 696 2274 congruat
735 2232 823 2264 oneri
853 2235 885 2263 et
922 2231 1035 2264 honori
1072 2231 1106 2263 in
1143 2231 1325 2274 episcopum
1362 2234 1395 2263 et
1423 2233 1596 2274 pastorem.
