1820 2548
229 165 293 197 854

187 332 276 353 meus
297 325 329 354 et
352 321 513 353 Pmmus
540 326 630 364 pater
654 332 744 353 meus
770 321 927 353 dederunt
953 321 1097 363 praefatae
1124 321 1261 354 ecelesiae
1284 321 1394 354 Sancti
1419 321 1614 354 Mmmms
1637 346 1644 353 .

185 389 303 422 scilieet
318 392 419 422 totam
434 392 553 422 terram
568 390 607 422 de
623 389 853 422 CARWELDEN¹
866 392 898 422 et
913 390 1126 432 quadraginta
1138 401 1226 422 acras
1240 393 1333 422 terrae
1345 401 1417 432 quae
1428 390 1535 433 jacent
1550 389 1646 432 juxta

187 459 384 490 mansionem
401 458 544 490 Gomum
568 458 740 490 FULLoms
755 462 788 491 et
804 459 920 501 viginti
935 469 1021 490 acras
1039 461 1130 490 terrae
1153 459 1239 501 apud
1262 458 1398 491 Wumm
1421 461 1453 490 et
1475 457 1646 500 pratellum

185 528 270 569 quod
286 527 403 559 dicitur
418 526 680 558 LOEMERESHAM
695 528 781 568 quod
796 527 901 558 Hueo
923 527 1008 559 filius
1029 526 1173 559 ELvmc1
1190 527 1279 559 dedit
1299 527 1443 569 praefatae
1458 526 1595 559 ecclesiae
1609 526 1645 558 in

185 595 404 633 elemosinam;
428 598 459 626 et
475 597 576 626 totam
592 605 713 626 morani
730 594 959 626 Piscnunssm
974 605 1046 636 quae
1062 595 1137 626 data
1153 594 1217 626 fuit
1232 594 1266 626 in
1282 594 1474 626 escambium
1490 605 1547 636 pro
1561 596 1646 626 terra

184 663 355 695 NlcnoLAl
379 662 523 695 'rmum
540 688 546 694 .
564 674 636 694 cum
657 666 724 695 toto
745 665 918 705 augmento
941 663 1026 705 quod
1049 663 1210 694 PAGANUS
1232 665 1322 705 pater
1344 674 1433 694 meus
1455 674 1494 694 ex
1517 662 1645 704 propria

183 731 354 774 largitione
369 731 506 763 contulit
520 731 591 763 Deo
606 734 638 763 et
653 731 790 763 ecclesiae
807 730 916 762 Sancti
931 730 1125 762 Micfflfflms
1141 731 1222 762 siout
1234 733 1319 762 carta
1335 730 1479 773 ejusdem
1491 732 1641 769 testatum-3

183 804 215 832 et
245 801 324 832 duas
353 811 441 832 acras
470 804 563 831 terrae
593 810 672 841 quas
702 799 920 831 GILEBERTUS
950 799 989 830 de
1020 798 1265 830 TURBERV1LLA
1296 798 1506 830 excambiavit
1538 824 1544 830 .
1574 808 1645 840 quae

183 868 334 910 adjacent
348 868 383 899 in
399 868 523 899 cultura
545 878 642 910 prope
665 868 797 899 domum
818 867 951 899 ELGAm
975 868 1014 899 de
1037 867 1068 899 la
1091 867 1223 899 WALLA
1246 879 1304 909 pro
1327 867 1397 899 aliis
1419 866 1544 899 duabus
1566 866 1645 899 acris

184 947 262 978 quas
277 936 390 968 habuit
405 936 439 967 in
455 936 549 967 feodo
566 936 713 968 RmAnm
729 937 769 968 de
785 936 965 968 LANDEFEI
981 936 1014 967 in
1031 939 1120 978 parte
1137 936 1293 967 orientali.
1333 935 1479 968 Concessi
1496 935 1593 967 etiam
1608 938 1645 968 ut

183 1005 323 1037 habeant
349 1005 584 1047 imperpetuum
609 1015 710 1036 unum
737 1004 946 1035 summarium
969 1003 1003 1035 in
1028 1015 1155 1035 nemore
1181 1014 1251 1035 meo
1280 1004 1321 1035 ad
1351 1004 1487 1035 eundem
1517 1005 1646 1046 propter

184 1074 275 1116 ligna
290 1073 413 1105 duabus
428 1073 575 1105 videlicet
591 1072 711 1104 vicibus
727 1072 863 1115 singulis
878 1072 989 1105 diebus
1003 1073 1037 1104 in
1054 1073 1168 1114 hyeme
1184 1075 1214 1104 et
1231 1072 1333 1104 tribus
1349 1072 1470 1104 vicibus
1484 1072 1518 1103 in
1535 1074 1642 1104 estate.

185 1142 268 1174 Haec
283 1142 390 1173 omnia
405 1142 450 1173 eis
465 1141 601 1173 concessi
617 1144 649 1172 et
665 1141 849 1172 confirmavi
863 1152 920 1183 pro
935 1141 1042 1172 anima
1057 1152 1128 1172 mea
1150 1143 1182 1172 et
1204 1140 1303 1182 patris
1325 1143 1357 1172 et
1379 1141 1490 1172 matris
1512 1151 1592 1172 meae
1615 1143 1647 1173 et

183 1210 356 1242 liberorum
370 1221 514 1241 meorum
530 1212 562 1241 et
578 1209 722 1241 omnium
737 1212 907 1251 parentum
922 1220 1065 1240 meorum
1081 1212 1116 1240 ut
1132 1220 1169 1240 ea
1184 1211 1315 1240 teneant
1325 1208 1423 1240 libere
1439 1211 1471 1240 et
1488 1208 1594 1250 quiete
1606 1208 1646 1241 ab

185 1279 272 1311 omni
289 1282 413 1310 terreno
428 1278 568 1310 servicio.
618 1278 663 1309 Et
679 1280 716 1309 ut
731 1278 792 1309 ista
810 1278 1045 1320 imperpetuum
1067 1277 1159 1308 firma
1182 1277 1246 1308 sint
1269 1280 1298 1309 et
1322 1277 1508 1309 inconvulsa
1525 1303 1531 1309 .
1550 1276 1648 1320 sigini

186 1348 249 1379 mei
273 1347 475 1378 attestatione
506 1358 542 1378 ea
572 1346 706 1378 munivi.
762 1346 923 1388 Meipsum
953 1346 1049 1378 etiam
1076 1346 1109 1377 in
1140 1357 1329 1387 quocunque
1358 1345 1471 1377 habitu
1500 1345 1551 1376 vel
1580 1345 1648 1377 loco

186 1416 360 1448 descessero
390 1414 485 1446 simul
515 1426 587 1446 cum
618 1414 798 1446 haeredibus
824 1414 903 1446 meis
932 1414 966 1445 in
995 1413 1137 1455 predicta
1163 1413 1292 1445 ecclesia
1318 1413 1426 1445 Sancti
1454 1412 1650 1444 Mmmmms

190 1483 406 1526 sepeliendum
431 1508 437 1514 .
462 1482 547 1514 faeta
567 1494 662 1524 super
685 1482 785 1514 altare
808 1482 964 1524 solempni
987 1481 1146 1514 oblatione
1168 1507 1174 1513 .
1198 1481 1342 1513 concessi.
1389 1481 1466 1513 Hiis
1489 1481 1623 1514 testibus
1642 1507 1648 1513 .

187 1551 302 1583 Pmno
326 1551 505 1583 Pmcmzm
522 1575 529 1582 .
550 1550 715 1582 RADFLFO
739 1551 857 1582 decano
881 1576 888 1583 .
912 1550 1077 1583 JOHANNE
1104 1550 1263 1582 sacerdote
1287 1575 1293 1581 .
1318 1549 1478 1581 DANIELE
1506 1550 1618 1582 clerieo
1641 1574 1648 1581 .

189 1620 367 1652 Nlcnomo
387 1620 427 1651 de
447 1619 627 1651 Lrswnum
644 1644 651 1650 .
668 1618 833 1651 Dmmsm
853 1618 938 1651 Coco
959 1643 966 1651 .
989 1618 1158 1651 GrosFRmo
1178 1618 1244 1650 filio
1265 1617 1415 1649 NIGELLI
1434 1643 1440 1648 .
1458 1617 1652 1651 WILLELMO

192 1689 295 1722 Tmm
313 1714 319 1720 .
337 1692 394 1720 etc.
411 1692 443 1719 et
459 1688 569 1719 multis
585 1687 655 1719 aliis
673 1687 721 1729 (C.
742 1688 851 1729 1281).

235 1757 308 1800 Ego
325 1768 398 1789 vero
413 1768 450 1788 ea
465 1767 537 1798 quae
552 1756 705 1798 praedicta
720 1758 795 1788 sunt
817 1760 887 1787 rata
908 1755 1028 1787 habens
1050 1758 1082 1787 et
1105 1759 1197 1798 grata
1214 1781 1220 1786 .
1238 1767 1275 1786 ea
1293 1755 1443 1797 predictae
1462 1754 1599 1787 ecclesiae
1621 1758 1654 1787 et

194 1826 286 1857 dictis
306 1824 469 1856 monachis
491 1824 524 1855 in
547 1835 662 1866 puram
677 1828 709 1855 et
724 1827 911 1866 perpetuam
930 1825 1134 1856 elemosinam
1157 1824 1307 1856 confirmo
1330 1827 1362 1855 et
1384 1824 1505 1856 intuitu
1528 1823 1592 1856 Dei
1613 1835 1653 1856 ex

195 1893 323 1937 propria
337 1892 507 1934 largitione
523 1892 683 1934 praedietis
698 1903 836 1925 accresco
853 1918 860 1925 .
877 1893 1024 1925 videlicet
1039 1896 1076 1925 ut
1088 1893 1165 1925 dicti
1181 1893 1327 1925 monachi
1343 1896 1374 1924 et
1389 1903 1498 1924 omnes
1510 1892 1654 1924 homines

197 1962 246 1994 sui
268 1960 407 1993 habeant
431 1959 610 1992 libertatem
639 1971 695 2001 per
722 1963 839 1993 terram
867 1973 971 1993 meam
998 1962 1095 1994 eundi
1123 1962 1163 1993 ad
1190 1961 1319 1994 boscum
1347 1963 1378 1993 et
1406 1960 1561 1992 redeundi
1587 1960 1655 1992 sine

197 2029 364 2062 vexatione
380 2028 431 2059 vel
446 2027 532 2059 vadii
548 2027 692 2069 captione
707 2029 771 2060 mei
786 2029 836 2060 vel
850 2040 993 2061 meorum
1008 2029 1126 2072 absque
1141 2032 1331 2062 nocumento
1347 2028 1410 2060 mei
1425 2028 1476 2060 vel
1488 2028 1654 2060 hominum

199 2108 342 2130 meorum
355 2122 361 2128 .
375 2096 421 2127 ita
437 2095 567 2137 quidem
582 2097 667 2137 quod
683 2096 708 2128 si
724 2096 895 2129 imminens
910 2099 1086 2140 dampnum
1101 2098 1181 2130 mihi
1197 2098 1247 2130 vel
1262 2096 1431 2129 heredibus
1445 2096 1523 2128 meis
1535 2095 1655 2128 faetum

199 2166 297 2198 fuerit
319 2176 375 2206 per
397 2163 496 2195 dictos
518 2163 689 2196 monachos
712 2164 761 2196 vel
784 2176 840 2207 per
862 2165 1006 2198 homines
1028 2177 1100 2198 suos
1122 2165 1199 2198 dicti
1222 2165 1369 2198 monachi
1384 2164 1434 2196 vel
1449 2163 1594 2196 homines
1608 2163 1657 2196 sui

201 2233 281 2267 mihi
295 2232 347 2264 vel
361 2230 542 2263 haeredibus
564 2231 643 2263 meis
657 2231 739 2264 inud
753 2232 839 2265 infra
855 2236 924 2266 octo
939 2234 1007 2266 dies
1021 2236 1189 2276 postquam
1212 2234 1388 2275 dampnum
1403 2243 1468 2264 esse
1483 2231 1659 2264 innotuerit
