1820 2548
1546 205 1628 237 1175

175 359 178 361 ’
203 363 380 404 dampnum
410 362 462 394 vel
484 361 700 404 prejudicium
723 361 846 393 domini
874 361 975 403 Regis
1001 362 1027 393 si
1052 361 1194 404 predicta
1220 361 1394 404 mesuagia,
1419 362 1613 401 molendina,
1640 366 1671 396 et

202 431 326 473 prefate
358 431 494 463 ducente
524 434 556 462 et
582 429 797 472 quadraginta
821 441 893 462 acra
917 433 1010 469 terre,
1037 430 1155 472 viginti
1179 442 1249 462 acre
1273 430 1367 472 prati,
1393 432 1463 462 octo
1483 442 1553 463 acre
1575 431 1671 466 bosci,

203 499 371 532 duodecim
401 510 472 531 acre
503 499 594 537 vasti,
622 503 655 530 et
678 498 834 530 medietas
859 498 955 530 unius
982 498 1139 541 mesuagii
1164 509 1235 530 cum
1260 499 1462 540 pertinentiis
1485 499 1519 531 in
1547 499 1674 532 Gowmt

204 569 419 601 concedantur
435 567 577 610 predicto
593 567 755 599 HEcho
777 567 922 609 episcopo
942 567 1115 609 capellanis
1134 567 1244 599 divina
1263 566 1467 599 celebraturis
1491 570 1523 599 et
1549 571 1672 600 susten-

204 637 322 669 tacioni
338 647 515 679 pauperum
532 638 568 668 ut
582 635 757 678 predicitur
772 647 829 667 nec
845 635 976 667 alterius
991 635 1220 678 cujuscunque,
1236 635 1297 667 nisi
1310 637 1351 668 ad
1363 637 1539 679 dampnum
1552 637 1674 669 domini

201 705 225 738 J
227 716 378 737 OHANNIS
393 705 433 737 de
449 704 626 736 MOMBRAY
642 704 764 737 domini
780 705 820 736 de
844 704 1029 737 GOUHEROE
1054 704 1202 736 videlicet
1224 716 1339 737 novem
1359 705 1474 737 solidos
1500 708 1532 738 et
1559 717 1675 738 novem

204 774 351 807 denarios
367 776 398 806 et
415 773 544 806 obolum
559 785 616 816 per
631 785 763 805 annum.

249 842 372 875 Dicunt
389 843 486 874 etiam
508 842 593 884 quod
616 853 681 874 non
704 845 752 874 est
773 842 814 873 ad
839 842 1016 884 dampnum
1039 842 1089 874 vel
1108 841 1322 884 prejudicium
1344 843 1466 875 domiui
1494 842 1595 886 Regis
1620 855 1680 875 nec

205 911 337 943 alterius
348 911 568 953 cujuscunque
577 910 604 942 si
614 910 782 942 advocacio
792 911 876 942 dicte
890 910 1017 942 ecclesie
1036 909 1261 953 [concedatur]
1277 911 1379 943 eidem
1392 911 1522 943 domino
1534 911 1679 953 episcopo

207 991 264 1022 pro
279 980 430 1022 predictis
443 979 616 1022 capellanis
631 980 742 1011 divina
758 979 963 1011 celebraturis
979 982 1011 1011 et
1027 979 1259 1011 sustentacione
1275 979 1434 1012 dictorum
1449 991 1627 1022 pauperum
1644 983 1680 1012 ut

207 1049 412 1092 premitittm,
428 1060 465 1080 eo
493 1049 579 1090 quod
599 1049 685 1081 dicta
704 1049 834 1080 ecclesia
856 1049 953 1091 longo
972 1051 1114 1090 tempore
1133 1048 1285 1090 preterito
1309 1049 1349 1080 de
1375 1048 1468 1091 cujus
1486 1049 1579 1091 lapsu
1602 1049 1680 1081 dicti

205 1118 306 1161 jurati
321 1118 475 1161 ignorant
491 1129 549 1159 per
564 1118 736 1159 quemdam
753 1117 980 1150 Wammum
998 1118 1036 1149 de
1054 1117 1211 1149 BREAOSE
1227 1119 1305 1149 tunc
1320 1117 1488 1149 dominum
1513 1117 1679 1150 Goxmm

207 1187 282 1218 data
298 1186 363 1218 fuit
379 1186 488 1218 abbati
504 1187 631 1218 ecclesie
654 1186 764 1218 Sancti
785 1186 937 1218 'rivam
957 1189 989 1218 et
1010 1185 1174 1218 monachis
1201 1186 1240 1217 de
1260 1185 1479 1218 LANGENYPH
1506 1189 1538 1218 et
1563 1198 1682 1218 succes-

207 1255 330 1288 soribus
345 1255 583 1298 imperpetuum
599 1255 634 1287 in
649 1255 793 1298 proprios
806 1267 882 1287 usus
897 1257 929 1286 et
944 1255 978 1286 in
994 1266 1108 1296 puram
1124 1257 1155 1286 et
1171 1256 1360 1297 perpetuam
1375 1254 1589 1287 elemosinam.
1636 1254 1681 1287 Et

207 1324 294 1356 dicta
308 1324 438 1356 ecelesia
453 1335 510 1366 per
524 1335 610 1356 nunc
634 1323 783 1356 abbatem
808 1326 840 1355 et
864 1323 1028 1356 monachis
1051 1323 1113 1355 loci
1138 1323 1272 1365 predicti
1298 1334 1442 1355 concessa
1466 1326 1514 1355 est
1540 1323 1683 1365 predicto

209 1392 370 1425 Hmuuco
397 1393 544 1435 episcopo
569 1393 610 1424 ad
637 1392 738 1425 dictas
769 1392 944 1425 cantariam
970 1394 1002 1424 et
1029 1392 1296 1424 sustentaoionem
1321 1392 1479 1424 dictorum
1505 1403 1682 1434 pauperum

209 1461 444 1493 sustentandas.

254 1529 377 1560 Dicunt
393 1529 491 1560 etiam
508 1530 594 1571 quod
610 1530 752 1571 predicta
769 1530 944 1572 mesuagia,
962 1529 1156 1567 molendina,
1174 1532 1267 1568 terre,
1284 1532 1385 1572 prata,
1410 1528 1505 1568 bosci,
1533 1532 1623 1561 vasta
1649 1533 1680 1561 et

210 1598 365 1630 medietas
396 1598 551 1640 mesuagii
579 1600 729 1630 tenentur
755 1599 796 1630 de
823 1599 908 1631 dicto
935 1598 1065 1630 domino
1090 1598 1256 1631 ‹IOHANNE
1284 1599 1323 1630 de
1348 1598 1524 1630 MOMBRAY
1551 1599 1682 1630 domino

210 1666 395 1699 GOUHEROE
426 1678 482 1708 per
514 1666 676 1699 redditum
706 1669 827 1709 septem
872 1668 1045 1700 solidorum
1081 1679 1196 1699 novem
1233 1667 1437 1699 denariorum
1474 1669 1506 1700 et
1543 1666 1678 1700 obolum¹

209 1735 378 1767 annuatim
402 1761 409 1767 .
435 1739 465 1766 et
492 1746 549 1777 per
580 1738 698 1767 sectam
736 1736 777 1767 ad
812 1736 934 1768 curiam
971 1736 1070 1778 ipsius
1101 1735 1123 1768 J
1125 1747 1275 1768 OHANNIS
1305 1748 1367 1778 que
1397 1738 1481 1768 secta
1512 1736 1595 1768 valet
1626 1747 1683 1778 per

209 1815 332 1836 annum
364 1809 408 1835 H<-
447 1814 504 1845 pro
542 1803 630 1835 omni
667 1804 806 1836 servicio.
860 1804 905 1836 Et
936 1805 1022 1836 dicta
1052 1804 1181 1836 ecclesia
1211 1807 1339 1837 tenetur
1365 1805 1404 1836 de
1435 1805 1520 1836 dicto
1551 1804 1682 1836 domino

208 1873 374 1905 JOHANNE
413 1872 452 1904 de
483 1872 659 1904 Mmmnm·
691 1872 724 1904 iu
755 1884 868 1914 puram
900 1876 930 1905 et
961 1879 1149 1915 perpetuam
1179 1874 1384 1905 elemosinam
1411 1876 1506 1915 prout
1536 1873 1681 1915 superius

209 1944 349 1974 notatm:

252 2009 376 2041 Dicunt
392 2009 490 2041 etiam
505 2009 590 2051 quod
607 2009 749 2051 predicta
765 2010 938 2052 mesuagia‚
955 2010 1150 2049 molendina,
1166 2014 1258 2049 terre,
1279 2014 1381 2052 prata,
1404 2010 1499 2048 bosci,
1524 2013 1623 2049 vasta,
1646 2013 1679 2042 et

209 2077 363 2110 medietas
378 2077 535 2119 mesuagii
559 2077 667 2109 valent
690 2088 746 2119 per
769 2089 890 2110 annum
914 2078 948 2110 in
969 2078 1116 2110 omnibus
1137 2078 1275 2110 exitibus
1291 2078 1387 2120 juxta
1409 2089 1517 2110 verum
1539 2078 1679 2110 valorem

210 2147 384 2178 eorundem
402 2152 483 2177 Lxx&
505 2146 590 2177 ultra
606 2145 749 2188 reprisaS.
797 2145 894 2178 Dicta
910 2158 983 2179 vero
999 2147 1129 2178 ecclesia
1145 2147 1230 2178 valet
1244 2158 1301 2189 per
1316 2158 1438 2179 annum
1453 2147 1547 2189 juxta
1567 2158 1677 2179 verum

209 2214 350 2247 valorem
381 2214 526 2257 ejusdem
543 2215 586 2245 x¹'·
612 2218 643 2246 et
674 2217 720 2246 est
752 2218 924 2257 perpetuus
952 2215 1089 2247 vicarius
1115 2214 1234 2247 ibidem
1265 2215 1431 2248 institutus
1462 2215 1516 2258 qui
1547 2215 1681 2258 percipit

211 2283 342 2316 terciam
358 2286 483 2326 partem
500 2283 644 2315 omnium
660 2282 892 2315 obvcneionum
908 2283 991 2316 dicte
1007 2283 1143 2316 ecclesie.
