1820 2548
233 161 297 192 806

192 319 224 348 81
239 315 357 348 heredi.
403 315 449 347 Et
463 316 503 347 de
519 316 587 357 ipso
603 314 728 347 ΤΗοΜΑ
745 326 806 357 que
822 314 901 346 obiit
916 314 983 346 sine
1003 313 1118 346 herede
1138 314 1178 346 de
1199 325 1231 346 se
1248 339 1254 346 .
1272 314 1434 346 descendit
1449 314 1503 356 jus
1521 315 1647 347 cuidam

189 384 377 416 MARessmr:
392 386 429 415 ut
444 384 541 416 sorori
557 387 587 415 et
603 383 721 415 heredi.
767 382 813 414 Et
828 383 867 414 de
884 382 950 424 ipso
966 381 1154 414 MARGEMA
1170 393 1230 423 que
1252 382 1331 414 obiit
1346 382 1413 414 sine
1428 382 1543 415 herede
1559 383 1599 416 de
1613 394 1646 417 se

189 452 416 484 resorciebatur
436 452 490 494 jus
513 452 640 483 cuidam
656 451 858 484 WALRANDO
877 450 970 482 fratri
985 450 1118 493 predicti
1139 450 1292 482 Hmuum
1313 450 1413 492 patris
1432 451 1646 492 predictorum

189 519 314 552 Tuom
338 521 378 552 (18
400 520 588 551 ΜΛιιοΕκιΕ
609 523 645 551 ut
667 519 824 551 avunculo
845 519 1010 550 etheredi.
1057 518 1103 550 Et
1123 519 1163 551 de
1182 519 1250 561 ipso
1274 518 1476 551 WALRANDO
1494 519 1550 561 qui
1568 519 1648 554 obiit

188 588 255 620 sine
282 588 396 619 herede
421 588 459 619 de
484 598 516 619 se
543 613 550 619 .
579 587 705 619 cuidam
731 587 854 619 Amcm
879 590 916 619 ut
941 587 1038 619 sorori
1062 589 1094 618 et
1117 586 1235 618 heredi.
1282 586 1327 618 Et
1357 587 1397 618 de
1427 586 1496 629 ipsa
1522 587 1645 620 Amen

187 657 349 688 descendit
372 656 424 698 jus
445 656 572 688 cuidam
596 655 789 688 VVrLmeo
812 659 849 687 111
867 655 933 687 filio
956 659 988 687 et
1007 655 1125 687 heredi.
1171 654 1217 687 Et
1238 655 1276 687 de
1295 655 1364 697 ipso
1381 654 1573 688 WILLELMO
1588 656 1644 698 qui

187 724 267 756 obiit
292 724 359 756 sine
386 724 502 756 herede
527 725 566 756 de
591 736 623 756 se
648 750 653 755 .
680 724 805 756 cuidam
832 723 1012 755 YSABELLE
1040 726 1077 755 ut
1101 723 1199 755 sorori
1225 725 1257 755 et
1281 723 1400 756 heredi.
1445 723 1491 755 Et
1515 725 1555 756 de
1576 724 1646 767 ipsa

186 792 366 824 YSABELLA
384 818 390 824 .
408 793 571 824 descendit
590 792 643 835 jus
666 792 718 824 isti
735 791 928 824 WILLELMO
952 792 1007 834 qui
1027 803 1113 823 nunc
1135 791 1216 833 petit
1238 793 1275 823 ut
1294 791 1380 823 filius
1402 793 1434 824 et
1454 791 1552 824 heres.
1598 792 1645 825 Et

185 862 271 902 quod
285 861 349 892 tale
365 861 405 893 sit
421 860 474 903 jus
490 872 582 892 suum
599 861 693 892 offert
710 887 716 892 .
734 863 792 892 etc.

227 929 273 960 Et
290 928 502 961 WILLELMUS
521 929 561 960 de
580 929 706 961 Bmws'
723 929 811 961 venit
831 932 863 961 et
886 929 1030 961 defendit
1049 928 1103 971 jus
1121 940 1214 960 suum
1235 929 1363 970 quando
1390 931 1447 961 eto.
1498 929 1544 961 Et
1567 929 1645 962 dicit

183 997 268 1039 quod
284 997 431 1028 dominus
447 996 469 1028 J
471 1007 628 1029 OHANNES
644 997 715 1029 Rex
731 1009 809 1029 avus
825 997 966 1029 domini.
981 997 1081 1040 Regis
1096 1008 1181 1028 nunc
1197 997 1285 1028 dedit
1301 999 1334 1029 et
1350 997 1503 1029 concessit
1517 997 1644 1030 cuidam

185 1064 380 1097 WILLELMO
401 1066 440 1097 de
462 1065 588 1097 BREUS’
606 1076 722 1107 proavo
743 1076 798 1097 suo
819 1067 920 1097 totam
941 1067 1059 1097 terram
1081 1065 1120 1096 de
1141 1064 1271 1097 Gowmz
1290 1076 1362 1097 cum
1383 1064 1530 1097 omnibus
1547 1065 1644 1108 perti-

184 1133 302 1164 nentiis
326 1133 360 1164 111
377 1132 524 1165 WALmA
545 1132 726 1165 habendam
747 1136 777 1165 et
793 1134 965 1165 tenendam
980 1133 1041 1165 sibi
1056 1136 1087 1165 et
1106 1133 1274 1166 heredibus
1289 1134 1354 1166 suis
1377 1134 1416 1166 de
1432 1134 1500 1176 ipso
1516 1134 1645 1167 domino

184 1200 275 1243 Rege
300 1204 331 1233 et
357 1200 526 1233 heredibus
548 1201 612 1233 suis
637 1213 694 1242 per
716 1201 881 1233 servitium
904 1201 999 1233 unius
1023 1201 1135 1233 militis
1160 1212 1216 1243 pro
1242 1202 1329 1234 omui
1346 1202 1473 1234 servitio
1494 1202 1591 1234 libere
1614 1205 1646 1234 et

183 1269 290 1311 quiete
305 1269 446 1311 plenarie
468 1269 638 1301 honorifice
654 1272 686 1301 et
706 1270 740 1301 in
756 1281 832 1311 pace
853 1281 926 1301 cum
941 1269 1088 1302 omnibus
1102 1269 1304 1302 libertatibus
1316 1272 1348 1302 et
1361 1269 1468 1302 liberis
1479 1273 1645 1302 consuetu-

183 1336 312 1369 dinibus
335 1337 399 1368 suis
418 1337 451 1368 in
474 1337 621 1369 omnibus
642 1337 717 1369 locis
742 1341 775 1369 et
798 1337 945 1369 omnibus
963 1338 1056 1370 rebus
1076 1338 1117 1370 ad
1142 1338 1318 1380 predictam
1336 1342 1454 1370 terram
1481 1339 1643 1380 pertinen-

183 1405 269 1438 tibus
293 1432 299 1438 .
332 1406 378 1438 Et
404 1407 527 1448 profert
553 1409 671 1438 cartam
696 1418 786 1438 suam
812 1407 935 1439 domini
962 1407 983 1439 J
986 1418 1135 1439 OHANNJs
1163 1407 1264 1450 Regis
1286 1408 1342 1450 qui
1365 1407 1424 1439 hoc
1447 1407 1642 1439 testificatur.

184 1474 282 1506 Unde
307 1475 384 1506 dicit
415 1475 500 1517 quod
527 1486 592 1506 11011
622 1477 726 1517 potest
751 1475 779 1506 ei
813 1475 887 1507 inde
917 1476 1105 1517 respondere
1131 1475 1198 1507 sine
1229 1475 1358 1507 domino
1389 1475 1480 1518 Rege
1512 1501 1517 1506 .
1550 1486 1643 1508 nunc.

184 1543 263 1575 Ideo
280 1544 373 1575 datus
389 1546 435 1575 est
452 1544 496 1575 eis
512 1544 579 1575 dies
595 1543 646 1575 hic
663 1555 681 1575 a
697 1544 748 1575 die
767 1544 886 1576 Pasche
903 1544 937 1575 111
953 1543 1096 1586 quinque
1113 1543 1307 1586 septimanas
1322 1546 1360 1575 ut
1375 1543 1427 1574 die
1442 1543 1477 1574 111
1493 1542 1587 1575 diem.

226 1611 341 1643 Postea
358 1612 399 1643 ad
416 1612 501 1643 diem
516 1612 608 1643 illum
626 1615 781 1643 venerunt
802 1615 908 1653 partes
925 1637 931 1642 .
949 1615 981 1643 et
997 1612 1158 1654 predictus
1174 1622 1276 1643 comes
1292 1611 1368 1642 dicit
1384 1611 1469 1653 quod
1485 1611 1645 1652 predictus

186 1679 400 1712 Wumemms
416 1682 494 1711 ‘non
504 1680 525 1699 '2
548 1680 642 1711 debet
662 1680 729 1711 sine
745 1680 873 1711 domino
890 1679 980 1722 Rege
996 1680 1182 1722 respondere
1199 1679 1275 1722 quie.
1290 1679 1367 1711 (11811
1382 1679 1468 1721 quod
1483 1679 1549 1720 ipse
1565 1678 1646 1721 petit

187 1758 294 1779 versus
315 1748 454 1779 eundem
474 1747 653 1789 predictum
674 1750 811 1780 castrum
830 1749 869 1780 de
889 1747 1088 1779 SWEYNESSF,
1111 1750 1143 1779 81
1163 1750 1264 1779 totam
1285 1747 1459 1789 predictam
1475 1750 1593 1778 terram
1608 1747 1648 1778 de

189 1815 317 1847 Gowssn
333 1827 405 1847 cum
422 1816 626 1857 pertinenciis
641 1816 727 1858 quod
742 1816 872 1858 quidem
884 1818 1038 1848 ‘castrum
1049 1816 1056 1829 ‘
1070 1827 1135 1848 non
1152 1816 1338 1848 nominatur
1349 1815 1382 1847 in
1400 1819 1486 1847 cama
1497 1815 1647 1857 predicta.

187 1883 286 1915 Unde
312 1884 439 1915 videtur
463 1884 491 1916 ei
519 1885 604 1926 quod
635 1884 729 1916 debet
755 1885 784 1916 ei
811 1885 878 1916 sine
905 1885 1034 1916 domino
1062 1884 1152 1926 Rege
1178 1884 1283 1925 quoad
1307 1883 1485 1925 predictum
1510 1885 1646 1915 castrum

188 1953 376 1993 respondere
395 1977 400 1983 .
419 1957 450 1983 81
477 1952 574 1983 etiam
599 1953 704 1994 quoad
729 1953 903 1994 predictam
920 1955 1037 1984 tei-ram
1054 1953 1093 1984 (18
1109 1963 1171 1994 qua
1192 1952 1334 1993 predicta
1351 1954 1438 1983 carta
1460 1951 1538 1982 facit
1558 1961 1646 1982 men-

188 2021 316 2052 tionem.
363 2020 452 2052 Dicit
467 2021 552 2053 enim
563 2022 648 2062 quod
662 2021 804 2063 predicta
815 2021 997 2052 8811818818
1012 2020 1075 2052 fuit
1091 2020 1125 2051 in
1140 2020 1173 2052 Ν
1175 2030 1354 2051 ORMANNIA
1370 2022 1511 2061 tempore
1526 2029 1647 2060 gwerre

189 2089 268 2120 inite
294 2089 378 2120 inter
406 2089 531 2131 Regem
557 2089 711 2121 FRANcm
738 2091 770 2120 et
795 2088 986 2120 JOHANNEM
1014 2089 1176 2130 quondam
1204 2087 1328 2129 Regem
1354 2086 1491 2118 ANGLIE
1523 2086 1649 2118 cuidam

190 2156 383 2189 mezmo
418 2157 606 2189 antecessori
640 2157 773 2199 predicti
800 2156 985 2189 Wmmm
1014 2182 1020 2188 .
1048 2167 1083 2187 eo
1108 2156 1193 2197 quod
1222 2155 1308 2186 idem
1333 2154 1545 2187 WILLELMUS
1570 2155 1647 2185 tunc

191 2225 291 2256 voluit
320 2237 339 2256 a
362 2225 503 2266 predicte
532 2224 697 2257 JOHANNE
728 2224 819 2266 Rege
844 2225 987 2256 recedere
1017 2226 1049 2256 et
1079 2224 1119 2255 ad
1150 2225 1254 2265 partes
1280 2221 1418 2254 Aram:
1445 2221 1556 2253 redire.
1602 2220 1648 2253 Et
