1820 2548
192 156 255 188 910

191 311 273 344 Cum
289 312 411 344 dudum
429 323 484 354 per
500 314 620 344 cartam
635 313 776 344 nostram
793 311 1050 343 concessissemus
1065 310 1199 343 Tuom
1220 311 1382 352 quondam
1396 310 1603 342 ΜΕΝΕνΕΝει

145 379 289 421 episcopo
311 380 531 412 advocationes
551 379 752 411 eeclesiarum
778 379 817 410 de
848 378 1021 411 Ksnnomz
1050 404 1056 411 .
1088 378 1319 411 LANSANFRED
1341 403 1348 410 .
1373 377 1571 410 Tnamoios
1593 403 1601 410 .

144 446 347 479 HENNENER
378 473 383 479 .
417 447 555 479 Ramex
588 473 594 479 .
627 447 804 479 TREFILEN
837 472 843 479 .
872 446 1091 479 LANDAURAK
1119 472 1125 478 .
1160 446 1362 479 LANDEBIEV
1393 471 1399 478 .
1432 445 1567 478 Sumam
1593 470 1601 478 .

144 515 455 547 ABERARRANNETH
467 541 473 547 .
486 515 600 547 Gocor
613 541 618 547 .
632 515 911 547 LANHITHAERON
926 541 932 546 .
945 515 1085 547 Romm
1097 541 1103 547 .
1115 515 1308 547 LAMPEDER
1319 540 1324 546 .
1337 514 1577 546 LANKEYTHAN
1594 539 1601 547 .

144 582 296 615 KARANN
314 609 320 615 .
338 583 487 615 Msovnv
512 610 518 615 .
544 584 700 615 Roman
726 608 732 615 .
759 584 897 616 anion
921 609 927 615 .
951 583 1150 615 LAmusrun
1174 609 1179 615 .
1204 583 1422 615 LAMPADARN
1447 608 1453 615 .
1479 582 1577 615 ODYN
1595 607 1602 615 .

143 650 292 683 Limam(
309 678 315 683 .
333 651 467 684 Bs‘r‘rns
484 677 490 683 .
508 652 669 684 Bmmws
681 677 687 683 .
700 651 937 683 LANTVENAUK
952 677 958 683 .
971 651 1156 684 LANVEYR.
1174 651 1307 684 ONWYN
1325 677 1331 683 .
1349 651 1582 683 BLAYNPORTH
1593 675 1601 683 .

143 718 345 751 LAN‘rlssrLL
369 746 376 752 .
401 719 547 751 LANYUA
571 746 578 752 .
603 719 796 752 LANUARCH
818 746 824 752 .
850 719 1134 752 LANARTHAERON
1158 746 1164 752 .
1189 720 1324 752 Bsroxs
1363 745 1369 751 .
1398 719 1568 751 BYDONTH
1594 743 1602 752 .

143 786 302 819 EnsTRAD
317 790 350 820 et
364 787 533 819 LANGYOK
549 788 583 819 in
600 786 759 819 Gonsam
781 799 853 820 cum
876 787 1077 830 pertinentiis
1092 798 1157 819 suae
1173 787 1341 819 Dioceseos
1356 798 1491 829 quarum
1506 787 1602 819 advo-

142 855 281 887 cationes
317 856 358 887 ad
394 867 526 887 manum
563 858 705 888 nostram
742 867 799 898 per
843 855 1104 888 foris-facturam¹
1149 857 1357 897 patronorum
1403 854 1605 887 ecelesiamm

140 923 355 964 predictarum
378 924 584 963 devenerunt,
601 923 784 955 habendum
801 927 832 955 et-
847 924 1023 956 tenendum
1038 924 1179 966 predicto
1195 923 1339 966 episcopo
1361 925 1394 955 et
1415 922 1601 955 successori-

138 990 198 1023 bus
220 991 284 1023 suis
306 991 562 1034 imperpetuum:
599 991 652 1024 Ita
675 992 823 1024 videlicet
851 992 937 1034 quod
967 992 1052 1023 idem
1083 991 1246 1034 episcopius
1275 994 1308 1024 et
1337 1001 1526 1023 successores
1551 990 1601 1023 sui

140 1059 284 1091 ecclesias
306 1060 378 1092 iflas
399 1060 602 1102 appropriare
625 1063 754 1102 possent
775 1060 912 1092 eeclesiis
942 1060 1149 1092 MENEVENSI
1179 1063 1211 1091 et
1242 1059 1539 1091 ABERGWYLYENffl
1570 1061 1604 1092 et

140 1127 179 1159 de
201 1128 320 1159 eisdem
343 1128 480 1160 ecclesiis
510 1128 699 1170 praebendas
728 1128 831 1160 facere
853 1128 905 1160 vel
936 1139 987 1160 eas
1011 1130 1178 1160 annectere
1209 1127 1388 1170 praebendis
1417 1127 1452 1159 in
1482 1127 1602 1159 eisdem

139 1195 276 1227 ecclesiis
297 1196 385 1238 prius
407 1196 562 1228 ordinatis
585 1199 617 1228 et
640 1207 692 1228 eas
724 1196 867 1228 conferre
886 1198 982 1238 prout
1006 1196 1066 1228 sibi
1096 1198 1128 1227 et
1151 1195 1379 1228 successoribus
1405 1195 1471 1227 suis
1500 1194 1604 1238 magis

141 1263 279 1295 viderint
295 1264 444 1305 expedire
458 1266 554 1306 prout
568 1264 602 1295 in
619 1266 706 1296 carta
728 1265 882 1306 praedicta
895 1263 1021 1306 plenius
1036 1264 1217 1296 continetur
1231 1266 1289 1295 etc.
1336 1263 1405 1295 Nos
1427 1264 1467 1296 de
1489 1263 1602 1306 hujus-

142 1331 229 1363 modi
245 1332 441 1364 concessione
456 1335 565 1364 nostra
579 1333 784 1374 postmodum
795 1332 926 1364 minime
943 1332 1114 1364 recolentes
1129 1331 1312 1363 Rmsnnmu
1329 1331 1440 1364 szon
1455 1331 1604 1364 clericum

141 1399 183 1430 ad
205 1399 367 1431 ecclesiam
390 1400 429 1431 de
452 1399 647 1432 LANNARTH
672 1401 858 1443 praedictam
880 1400 1185 1442 praesentaverimus.
1232 1399 1297 1434 Qm‘
1320 1400 1450 1442 quidem
1473 1399 1603 1432 clericus

142 1467 183 1498 ad
198 1467 300 1509 ipsam
316 1468 479 1500 ecclesiam
494 1469 535 1500 ad
550 1469 822 1510 presentacionem
845 1470 985 1500 nostram
1009 1468 1164 1500 admissus
1179 1470 1211 1500 et
1226 1468 1260 1499 in
1277 1467 1345 1509 ipsa
1360 1467 1489 1500 ecclesia
1510 1467 1602 1500 insti-

141 1537 231 1566 tutus
254 1535 372 1567 existit.
431 1536 500 1567 Nos
523 1537 756 1568 concessionem
786 1539 928 1568 nostram
957 1536 1093 1578 praefato
1116 1536 1260 1578 episcopo
1283 1536 1322 1568 de
1345 1535 1605 1568 advocationibus

144 1603 346 1635 ecclesiarum
369 1604 593 1646 praedictarum
620 1605 708 1647 prius
734 1605 851 1636 factam
880 1604 1021 1636 volentes
1050 1604 1175 1636 firmam
1197 1607 1230 1636 et
1252 1603 1398 1636 stabilem
1419 1615 1605 1646 permanere

145 1671 292 1703 volumus
313 1676 346 1703 et
375 1672 575 1704 concedimus
605 1684 662 1715 pro
686 1673 777 1705 nobis
799 1675 831 1704 et
856 1671 1025 1704 heredibus
1047 1672 1162 1704 nostris
1184 1673 1269 1714 quod
1292 1672 1427 1713 praefato
1450 1671 1604 1703 R1cARoo

146 1739 276 1771 cedente
306 1740 356 1772 vel
388 1740 558 1772 decedente
588 1741 752 1773 advocatio
782 1741 925 1783 ejusdem
955 1741 1091 1772 ecclesiae
1121 1741 1160 1772 de
1197 1739 1393 1772 LANNARTH
1430 1751 1495 1772 una
1531 1751 1604 1772 cum

148 1807 408 1840 advocationibus
445 1811 620 1840 ceterarum
657 1809 801 1841 omnium
838 1808 1038 1840 ecclesiarum
1075 1808 1289 1850 predictarum
1318 1807 1492 1840 venerabili
1521 1807 1605 1850 patri

153 1873 271 1906 stm
292 1886 379 1907 nunc
401 1876 545 1918 episcopo
567 1876 775 1908 MENEVENSI
798 1879 829 1908 et
852 1875 1078 1908 successoribus
1106 1876 1171 1908 suis
1192 1876 1425 1918 imperpetuum
1448 1877 1611 1909 remaneat

148 1942 244 1984 juxta
255 1943 392 1975 formam
407 1944 614 1976 concessionis
629 1947 746 1976 nostrae
762 1944 933 1987 praedietae.
978 1943 1020 1975 In
1029 1943 1122 1986 cujus
1135 1943 1182 1975 rei
1197 1943 1415 1975 testimonium
1430 1943 1487 1975 has
1498 1943 1606 1976 literas

149 2014 273 2043 nostras
295 2011 362 2043 fieri
385 2011 518 2043 fecimus
539 2014 693 2054 patentes.
740 2012 835 2044 Teste
857 2012 977 2055 meipso
999 2012 1085 2054 apud.
1107 2011 1454 2044 WEsTMONAsTERmM
1469 2011 1606 2043 secundo

150 2078 202 2110 die
216 2078 340 2121 Aprilis
355 2090 439 2111 anno
454 2079 562 2122 Regni
578 2080 678 2112 nostri
700 2080 847 2112 vicesimo
862 2080 1004 2122 septimo.
1376 2088 1388 2098 ⁹

709 2148 747 2176 (1)
760 2148 818 2170 This
830 2149 895 2170 word
906 2148 1050 2177 expuncted.
