1820 2548
200 128 261 160 972

154 284 270 314 terram
285 282 325 314 de
341 281 467 314 Gowsn
483 284 515 313 et
530 280 645 313 habere
661 280 755 312 debet
773 282 805 312 et
825 282 1035 313 antecessores
1058 280 1107 313 sui
1128 280 1311 313 habuerunt
1333 292 1352 313 a
1373 283 1514 323 tempore
1537 292 1609 314 con-

152 349 298 382 fectionis
314 350 452 392 predicte
469 352 553 381 carte
569 350 704 380 habuisse
723 348 786 390 (for
801 349 959 390 hucusque)
978 348 1064 381 infra
1078 351 1197 381 terram
1212 360 1302 381 suam
1317 349 1357 381 de
1369 348 1505 382 Gowmt.
1539 349 1611 386 Que

155 419 284 461 quidem
310 417 440 451 libertas
467 420 498 450 et
527 417 706 460 jm-isdictio
733 417 812 449 tales
838 419 913 449 sunt
943 418 1027 459 quod
1056 417 1122 459 ipse
1152 417 1245 449 debet
1266 417 1489 450 cancellarium
1521 429 1614 450 suum

152 490 185 519 et
197 487 340 530 sigillum
352 498 445 518 suum
458 486 491 518 in
504 487 615 518 eadem
627 485 813 518 cancellaria
833 484 954 528 [habere
964 484 992 528 ¹]
1009 485 1193 518 hominibus
1209 488 1240 518 et
1254 485 1438 518 tenentibus
1453 486 1518 518 suis
1529 488 1611 519 terro

151 555 291 597 predicte
307 555 346 586 de
363 554 491 587 Gon-ER
508 554 719 586 deserviencia
734 564 807 586 cum
823 564 946 585 necesse
962 553 1069 592 fuerit,
1085 553 1243 596 judicium
1259 553 1324 586 vite
1345 556 1378 586 et
1397 553 1612 587 membrorum

151 626 184 655 et.
206 623 305 655 eciam
328 622 544 665 cognitionem
567 622 709 653 omnium
733 621 922 664 placitorum
946 624 1012 653 tam
1037 633 1149 654 corone
1176 633 1272 664 quam
1300 622 1435 655 aliorum
1461 633 1611 665 quorum-

149 702 284 733 cumque
299 690 385 722 infra
401 691 519 722 dictam
535 693 652 722 terram
668 690 752 722 inter
768 701 982 732 quascumque
997 701 1146 732 personas
1165 691 1398 733 emergentium
1414 693 1452 722 ut
1466 691 1505 723 de
1527 693 1612 723 terra

147 760 182 792 in
199 759 343 791 Marchia
361 762 392 791 et
413 762 503 790 extra
524 759 710 791 comitatum
733 758 911 800 predictum
934 758 973 790 de
997 757 1218 790 KERMERDYN
1246 762 1278 790 et
1304 760 1395 791 extre,
1421 760 1611 801 potestatem

148 827 341 860 vicecomitis
367 827 512 869 ejusdem
541 827 710 858 comitatus
740 827 904 858 existente.
951 825 996 857 Et
1026 826 1104 858 dicit
1133 827 1219 868 quod
1249 829 1458 858 antecessores
1488 827 1612 859 comitis

147 896 334 929 WAREwm
361 895 416 938 qui
443 907 528 927 nuuc
555 898 602 927 est
629 895 662 927 in
689 906 824 936 quorum
851 894 1000 926 manibus
1029 896 1114 926 terra
1143 895 1285 937 predicta
1315 895 1354 927 de
1386 893 1514 927 GOWER
1544 894 1608 927 fuit

149 968 321 1006 antequam
337 966 421 996 terra
437 963 493 995 illa
509 963 637 995 devenit
656 963 690 995 iu
712 974 844 995 manum
868 963 989 994 domini
1012 962 1113 1005 Regis
1135 962 1157 995 J
1159 973 1308 995 OHANNIS
1330 963 1465 1006 predicti
1486 963 1610 995 ratione

148 1032 280 1065 dominii
300 1034 349 1062 illo
369 1031 432 1073 (for
449 1032 542 1073 illius)
561 1031 610 1063 usi
632 1031 764 1063 fuerunt
785 1031 878 1073 plene
901 1033 933 1062 et
954 1031 1080 1073 integre
1103 1030 1159 1062 illa
1181 1030 1338 1070 libertate,
1354 1030 1503 1063 videlicet
1524 1031 1610 1073 quod

147 1101 368 1133 cancellariam
396 1111 485 1132 suam
512 1102 544 1132 et
570 1100 713 1142 sigillum
740 1111 833 1131 suum
861 1099 980 1131 ibidem
1005 1098 1187 1131 habuerunt
1213 1099 1467 1141 jurisdictionem
1496 1099 1610 1141 judicii

147 1169 287 1201 faciendi
310 1169 375 1201 vite
400 1170 431 1200 et
455 1168 670 1200 membrorum
695 1171 727 1200 et
752 1168 966 1210 cognitionem
994 1167 1137 1199 omnium
1163 1167 1354 1209 placitorum
1379 1167 1463 1199 infra
1491 1167 1609 1200 dictam

147 1240 266 1270 terram
290 1237 329 1268 de
357 1236 483 1269 GOWER
510 1236 594 1268 inter
621 1247 836 1279 quascumque
864 1247 1014 1278 personas
1040 1235 1281 1278 emergentium.
1327 1235 1373 1267 Et
1399 1235 1498 1268 eciam
1525 1237 1611 1278 quod

147 1305 292 1348 prefatus
307 1304 328 1336 J
331 1315 489 1336 OHANNES
505 1304 577 1336 Rex
594 1316 613 1336 a
629 1308 770 1347 tempore
787 1315 850 1346 quo
865 1303 1007 1346 predicta
1022 1305 1106 1335 terra
1121 1304 1163 1335 ad
1177 1314 1309 1335 manum
1326 1314 1415 1335 suam
1431 1303 1559 1336 devenit
1579 1306 1611 1336 et

147 1375 215 1406 toto
230 1376 372 1415 tempore
388 1383 450 1415 quo
466 1372 591 1404 seisitus
605 1372 670 1404 fuit
685 1373 725 1404 de
744 1373 855 1404 eadem
876 1372 990 1405 habuit
1011 1372 1132 1406 ibidem
1153 1373 1315 1414 quendam
1336 1372 1496 1405 ballivum
1517 1384 1612 1405 suum

147 1442 189 1473 ad
204 1441 380 1474 custodiam
396 1440 541 1483 ejusdem
558 1436 837 1473 terre‘faciendam
854 1441 1032 1484 specialiter
1050 1442 1241 1484 deputatum
1259 1441 1315 1483 qui
1337 1442 1471 1473 eandem
1493 1443 1611 1474 terram

148 1513 186 1542 ut
211 1521 268 1553 per
295 1521 326 1542 se
353 1510 527 1552 separalem
558 1513 589 1542 et
619 1510 654 1541 in
685 1509 774 1542 nullo
805 1510 846 1542 ad
876 1510 1063 1542 comitatum
1093 1510 1132 1541 de
1161 1509 1385 1541 KERMERDYN
1415 1512 1610 1552 spectantem

150 1578 320 1611 custodivit
345 1580 381 1610 ut
406 1578 536 1610 omnino
562 1580 742 1620 sepa-ratam
767 1590 787 1610 a
813 1579 966 1611 comitatu
992 1579 1134 1620 predicto
1161 1581 1193 1610 et
1219 1578 1325 1621 sigillo
1350 1578 1485 1611 Domini
1510 1578 1612 1621 Regis

151 1646 285 1689 predicti
310 1647 344 1678 in
368 1646 511 1689 predicta
535 1645 639 1678 forma
665 1648 733 1678 toto
759 1649 901 1689 tempore
928 1647 1005 1678 dicti
1032 1646 1133 1688 Regis
1159 1658 1236 1679 usus
1262 1646 1336 1686 fuit,
1361 1650 1393 1678 et
1418 1646 1518 1678 eciam
1543 1648 1612 1679 tota

151 1714 371 1757 jurisdictione
391 1714 533 1756 predicta
555 1714 590 1746 in
613 1714 724 1746 eadem
747 1716 841 1754 terra,
863 1717 895 1746 et
918 1713 1036 1757 absque
1060 1714 1119 1746 hoc
1142 1715 1228 1757 quod
1251 1716 1397 1747 tenentes
1420 1716 1502 1746 terre
1525 1714 1613 1747 illius

151 1786 293 1825 tempore
308 1783 363 1815 illo
383 1782 524 1824 aliquam
547 1784 664 1814 sectam
688 1783 730 1814 ed
751 1783 939 1814 comitatum
964 1783 1003 1814 de
1027 1782 1250 1814 KERMERDYN
1274 1783 1420 1814 fecerunt
1445 1793 1500 1814 seu
1526 1783 1612 1824 quod

151 1851 322 1883 vicecomes
352 1850 521 1883 comitatus
550 1850 638 1882 illius
668 1850 809 1892 aliquam
832 1850 1087 1893 jurisdictionem
1111 1853 1168 1883 aut
1192 1852 1381 1893 potestatem
1407 1850 1441 1882 in
1467 1852 1612 1883 tenentes

152 1919 292 1962 predicte
318 1920 400 1950 terre
427 1919 466 1950 de
494 1917 622 1950 Gowsn
648 1917 761 1950 habuit
788 1921 844 1950 aut
871 1919 1010 1950 exercuit
1036 1919 1158 1951 ratione
1185 1918 1278 1950 officii
1304 1918 1352 1950 sui
1376 1918 1613 1951 vicecomitatus

153 1987 296 2029 predicti.
342 1985 387 2018 Et
404 1986 482 2018 dicit
497 1986 644 2018 similiter
659 1987 744 2028 quod
760 1986 864 2018 dictus
879 1985 1093 2019 W1LLELMUS
1113 1989 1291 2018 antecessor
1311 1997 1386 2018 suus
1408 1986 1501 2028 cujus
1522 1985 1612 2018 heres

153 2056 219 2098 ipse
236 2057 283 2086 est
298 2057 330 2086 et
347 2054 397 2086 cui
412 2054 555 2097 predicta
571 2059 658 2086 carta
672 2054 759 2086 facta
773 2054 847 2094 fuit,
862 2066 919 2097 per
933 2055 1067 2087 eandem
1083 2057 1203 2087 cartam
1217 2055 1252 2087 in
1270 2055 1355 2087 dicta
1375 2056 1460 2087 terra
1479 2054 1613 2086 intravit

153 2127 184 2156 et
200 2124 311 2156 eadem
326 2122 473 2155 libertate
490 2125 556 2154 toto
572 2125 714 2165 tempore
730 2134 786 2155 suo
805 2123 839 2155 in
861 2125 946 2156 terra
968 2123 1110 2166 predicta
1131 2135 1207 2155 usus
1231 2123 1295 2155 fuit
1317 2123 1398 2155 bene
1423 2125 1454 2155 et
1477 2123 1512 2155 in
1536 2134 1612 2165 pace

153 2191 275 2224 ratione
290 2190 430 2233 predicte
446 2193 529 2222 carte
549 2190 695 2223 videlicet
718 2191 938 2233 jurisdictione
961 2191 1063 2234 regali
1085 2191 1227 2224 totaliter
1248 2194 1285 2223 ut
1307 2191 1485 2233 predictum
1507 2193 1563 2230 est,
1580 2193 1614 2222 et
