1820 2548
1554 185 1616 216 899

192 338 350 371 Tenorem
365 342 474 371 autem
489 339 634 371 mandati
649 339 813 381 apostolici
828 339 862 371 in
881 339 941 371 hac
956 342 1046 381 parte
1062 340 1101 371 de
1123 339 1219 371 verbo
1234 340 1268 371 in
1293 340 1426 372 verbum
1448 341 1659 383 praesentibus

194 407 345 440 duximus
360 408 575 440 inferendum.

237 476 455 508 Ommsrmns
471 476 634 518 episcopus
651 501 657 508 .
675 479 734 508 etc.
785 475 857 515 (See
873 476 936 508 No.
954 475 1300 518 DOCLXXXVIH.)

236 544 306 577 Nos
321 545 423 587 igitur
439 545 601 587 cupientes
616 544 724 576 debito
739 544 918 576 devotionis
934 544 1085 586 obsequio
1101 545 1261 577 mandatis
1283 546 1463 588 apostolicis
1486 546 1612 579 obedire
1628 550 1659 579 et

193 624 230 645 ea
253 613 434 645 executioni
471 613 578 645 debite
614 612 796 654 mancipare
833 613 875 644 ad
912 613 1105 655 magistrum
1141 613 1163 645 J
1166 624 1334 645 OHANNEM
1372 615 1412 646 de
1449 614 1660 654 ΜοΝΕΜυΤΑ,

194 681 381 713 canonicum
412 681 618 720 LINCOLN1AE,
643 681 805 713 doctorem
831 681 866 712 in
891 681 1063 723 theologia,
1091 681 1322 723 multiplicibus
1346 682 1506 714 virtutum
1533 683 1662 725 premiis

193 750 396 792 insignitum,
412 749 446 781 in
463 749 682 792 spiritualibus
697 752 730 781 et
741 749 971 791 temporalibus
983 749 1255 792 circumspectum,
1268 752 1385 782 nostrae
1401 751 1662 784 considerationis

194 818 293 850 aciem
319 820 539 850 convertentes
569 818 608 850 de
646 818 714 859 ipso
752 818 825 849 licet
856 820 933 850 tunc
974 817 1103 850 absente
1135 818 1239 850 eidem
1269 819 1407 851 ecelesiae
1435 819 1660 852 LANnAvnm

193 886 421 919 deliberatione
458 887 579 928 praevia
612 887 772 929 diligenti,
811 890 848 918 ut
886 887 1104 928 praemittitur,
1144 887 1265 918 (liutius
1302 899 1359 929 per
1395 891 1531 919 mortem
1568 888 1661 921 bonae

192 955 353 988 memoriae
374 954 563 987 Wummn
586 955 626 987 de
650 955 798 987 Bmzwas
820 955 927 987 ultimi
950 955 1088 997 episcopi
1111 955 1145 987 in
1171 956 1281 987 eadem
1304 957 1441 996 vacanti,
1466 957 1660 990 authoritate

189 1024 363 1067 apostolica
384 1024 583 1065 providimus
605 1026 637 1055 et
659 1023 765 1065 ipsum
788 1023 822 1055 in
846 1024 958 1055 eadem
982 1023 1111 1055 ecclesia
1134 1023 1359 1056 LANDAVENSI
1382 1025 1511 1067 praefeci
1536 1026 1569 1057 in
1595 1026 1659 1068 epi-

192 1104 322 1135 scopum
345 1094 377 1124 et
400 1095 570 1134 pastorem,
597 1094 761 1134 sperantes
791 1093 877 1134 quod.
909 1092 1021 1124 eadem
1054 1092 1295 1125 LANDAVENSIS
1318 1094 1448 1126 ecelesia
1478 1106 1533 1136 per
1563 1095 1662 1136 ipsius

191 1161 366 1194 JOHANNIS
396 1161 562 1193 industriae
600 1166 631 1192 et
669 1161 957 1204 circumspectionis
987 1162 1131 1193 studium
1168 1163 1404 1204 preservabitm·
1440 1175 1459 1195 a
1496 1165 1600 1196 noxiis
1629 1167 1662 1197 et

193 1230 341 1269 adversis,
366 1232 398 1261 et
421 1229 640 1272 spiritualibus
663 1232 695 1262 et
717 1229 947 1272 temporalibus
970 1230 1113 1272 proficiet
1135 1231 1349 1264 incrementis.
1408 1232 1552 1275 Cumque
1575 1236 1660 1276 post-

191 1299 323 1331 modum
338 1302 446 1331 nostra
462 1298 599 1341 provisio
615 1302 647 1330 et
662 1299 822 1331 ordinatio
838 1300 1021 1341 supradicta
1037 1299 1172 1341 praefato
1190 1300 1344 1342 magistro
1367 1300 1389 1332 J
1391 1312 1525 1333 OHANNI
1549 1302 1661 1334 fuisset

191 1367 354 1399 notificata
384 1367 451 1399 loeo
482 1370 514 1399 et
544 1369 687 1409 tempore
712 1367 887 1409 oportuniS‚
916 1367 1027 1399 nolens
1058 1367 1179 1399 divinae
1205 1368 1350 1400 resistere
1381 1369 1550 1409 voluntati,
1582 1370 1660 1412 quin

192 1436 297 1478 potius
326 1435 406 1478 jugo
437 1435 570 1467 Domini
602 1438 751 1478 satagens
781 1435 937 1478 subjicere
961 1436 1077 1468 collum
1101 1448 1206 1476 suum,
1224 1437 1396 1478 provisioni
1412 1442 1443 1469 et
1467 1438 1661 1471 ordinationi

191 1504 285 1536 dietae
309 1504 445 1536 ecclesiae
468 1504 508 1536 de
531 1515 562 1536 se
586 1504 680 1536 factae
703 1516 782 1547 pure
804 1507 836 1536 et
859 1516 1005 1547 expresse
1028 1506 1186 1537 consensit
1210 1516 1315 1548 coram
1338 1505 1431 1537 nobis
1453 1507 1660 1548 personaliter

192 1572 391 1605 constitutus.
439 1572 521 1604 Cum
537 1573 655 1615 itaque,
673 1573 753 1605 sicut
768 1573 858 1605 novit
868 1572 938 1615 Maj
944 1573 1052 1605 estatis
1068 1573 1189 1605 Vestrae
1203 1574 1366 1613 celsitudo,
1383 1574 1424 1606 sit
1436 1574 1565 1607 virtutis
1580 1586 1659 1617 opus

189 1641 334 1674 ecelesias
349 1643 380 1673 et
396 1652 544 1682 personas
568 1641 790 1674 ecclesiasticas
805 1642 971 1684 presertim
988 1641 1164 1684 pontificali
1179 1642 1320 1684 preditus
1335 1643 1495 1685 dignitate
1510 1642 1659 1686 benignis

188 1710 335 1753 prosequi
366 1709 471 1752 gratia
501 1712 533 1741 et
563 1709 682 1749 favore,
714 1709 926 1743 Serenitatem
962 1711 1101 1753 Regiam
1140 1722 1291 1754 rogamus
1328 1714 1460 1750 attente,
1499 1716 1657 1753 quatenus

189 1779 292 1811 eidem
308 1777 461 1819 magistro
477 1777 499 1809 J
501 1788 644 1815 οΗΑΝΝῐ,
661 1789 756 1820 quem
770 1789 828 1820 pro
851 1779 950 1810 electo
973 1783 1004 1811 et
1028 1779 1213 1811 confirmato
1236 1779 1311 1810 hinc
1334 1779 1491 1818 convenit,
1516 1779 1654 1822 Regiam

188 1847 395 1889 Majestatem
411 1845 532 1887 regalia
553 1857 607 1877 seu
626 1847 813 1888 temporalia
836 1847 981 1889 ejusdem
1004 1848 1141 1880 eeclesiae
1163 1847 1404 1879 LANDAVENSIS
1427 1859 1499 1890 quae
1522 1860 1578 1890 per
1601 1860 1655 1881 vos

187 1914 362 1947 vacationis
378 1913 448 1955 ejus
464 1916 605 1955 tempore
621 1914 723 1946 teneri
740 1915 900 1954 dicuntur,
917 1915 1051 1948 liberare
1068 1916 1257 1958 dignemini,
1274 1928 1309 1948 ac
1325 1917 1429 1958 ipsum
1446 1920 1477 1948 et
1489 1917 1651 1949 ecclesiam

185 1983 361 2027 predictam
386 1981 445 2013 sibi
476 1981 675 2014 commissam
705 1982 749 2015 sic
779 1982 869 2015 vobis
900 1984 1022 2026 placeat
1052 1983 1168 2016 habere
1203 1984 1237 2015 in
1268 1984 1333 2015 suis
1359 1984 1653 2026 opportunitatibus

184 2051 430 2088 commendatos,
454 2052 500 2087 ut,
524 2049 648 2081 Vestrae
675 2049 882 2083 celsitudinis
906 2051 1010 2083 fultus
1033 2051 1164 2090 auxilio,
1192 2052 1226 2083 in
1255 2063 1338 2083 curae
1364 2052 1530 2093 pastoralis
1550 2053 1651 2084 officio

184 2119 244 2152 sibi
271 2118 436 2151 commisso
466 2118 574 2159 possit,
598 2117 669 2150 Deo
693 2119 842 2161 propitio,
865 2119 1000 2151 ulterius
1023 2119 1211 2162 prosperari,
1236 2123 1265 2151 et
1290 2119 1379 2151 vobis
1402 2120 1516 2151 exinde
1539 2132 1558 2152 a
1581 2121 1651 2153 Deo

184 2187 355 2231 perhennis
371 2186 436 2218 vite
451 2186 610 2228 premium
626 2187 802 2228 pervenire.

227 2256 350 2288 Datum
369 2255 455 2297 apud
473 2254 669 2286 Onomon'
687 2280 693 2286 .
713 2265 767 2286 ιω.
786 2254 872 2287 Non.
890 2255 1002 2288 Martii
1020 2282 1026 2287 .
1045 2256 1144 2288 Anno
1160 2256 1293 2288 Domini
1316 2256 1535 2289 MGCXCIV.
1555 2283 1560 2289 .
1578 2269 1650 2290 oon-

182 2323 365 2357 secrafionis
380 2325 497 2355 nostrae
513 2322 628 2365 primo.
