1820 2548
1537 135 1601 166 773

179 290 279 322 frater
308 301 398 322 meus
427 289 507 321 mihi
536 289 626 321 dedit
655 291 688 321 et
713 292 800 321 carta
830 300 886 321 sua
919 290 1119 322 confirmavit
1150 315 1156 322 .
1189 301 1251 332 que
1285 290 1369 333 jacet
1398 290 1494 333 juxta
1522 294 1641 324 terram

179 358 366 390 WILLELMI
388 357 627 389 FRANKELEYN
650 358 684 390 in
707 361 797 400 parte
820 359 968 390 orientali
990 361 1022 391 et
1044 358 1157 400 inoipit
1179 359 1214 390 in
1237 361 1328 401 parte
1347 359 1479 391 australi
1500 360 1640 392 arivulo

177 427 320 469 predicto
343 429 374 458 et
397 437 429 459 se
448 427 594 458 extendit
609 426 643 458 in
664 427 800 469 longum
816 437 916 469 usque
931 428 973 459 ad
988 427 1020 458 la
1036 426 1172 458 Ommffl.
1189 452 1195 458 .
1213 429 1246 459 et
1261 427 1403 459 eontinet
1418 428 1453 459 in
1468 428 1640 461 latitudine

178 496 319 537 quinque
331 496 447 538 virgas.
493 495 579 528 Dedi
590 496 688 528 etiam
702 496 822 528 eisdem
837 498 955 528 terram
970 507 1075 528 meam
1091 496 1130 527 de
1146 495 1271 528 KENEF
1277 495 1354 538 [EG]
1370 507 1467 537 quam
1480 496 1642 529 Roomms

177 563 262 596 filius
279 564 412 596 Romam
429 563 573 596 Gnmus
584 564 665 596 mihi
676 564 782 596 dedit.
801 568 832 596 et
848 568 935 596 carta
950 575 1007 596 sua
1022 564 1222 596 confirmavit
1234 590 1241 596 .
1259 575 1321 606 que
1328 564 1414 606 jacet
1423 565 1507 597 inter
1522 568 1639 598 terram

176 632 198 665 J
199 644 350 665 OHANNIS
365 633 534 665 sacerdotis
549 635 581 665 et
593 636 711 665 terram
726 644 788 674 que
805 633 867 664 fuit
885 634 961 665 Amt-
981 633 1120 664 ALBERT
1137 659 1143 664 .
1161 635 1198 664 ut
1214 633 1353 665 habeant
1369 637 1399 665 et
1415 637 1547 666 teneant
1562 635 1640 666 dieti

177 701 325 734 monaehi
346 702 446 733 dietas
468 704 569 733 terras
593 727 598 733 .
622 701 719 733 libere
738 706 770 734 et
788 701 894 743 quiete
915 702 950 733 in
977 705 1167 743 perpetuum
1189 702 1357 734 reddentes
1378 702 1453 734 inde
1472 703 1641 735 annuatim

177 771 339 803 redditum
354 773 448 813 prout
464 773 548 803 carte
563 771 722 803 dictorum
737 771 929 802 donatorum
945 782 1023 812 quas
1038 771 1113 802 inde
1129 770 1248 802 habent
1262 773 1430 803 testantur.
1477 771 1518 803 In
1542 771 1641 814 hujus

177 839 223 871 rei
245 840 463 871 testimonium
486 839 561 871 huie
584 839 699 881 scripto
722 839 866 881 sigillum
890 850 997 871 meum
1020 839 1161 881 apposui.
1219 839 1296 871 Hiis
1311 839 1445 871 testibus
1469 865 1476 871 .
1502 840 1642 872 Romano

178 907 323 940 Gnfflns
336 934 342 940 .
357 908 483 940 'raom
497 907 641 939 GRAMtjs
659 933 664 939 .
682 907 858 940 WALTERO
874 907 994 939 anEL
1015 933 1021 938 .
1037 907 1231 940 WILLELMO
1243 909 1282 939 de
1295 907 1446 940 CORNELI
1466 934 1471 940 .
1492 908 1643 940 ernoo

178 977 289 1009 elerico
307 1002 312 1008 .
330 977 524 1009 WILLELMO
541 975 630 1008 Com:
648 1002 654 1008 .
671 976 693 1008 J
695 987 837 1008 OHANNE
855 976 1000 1008 Wmnr
1016 981 1047 1008 et
1062 976 1173 1008 multis
1188 976 1268 1008 aliis.

221 1045 303 1085 Seal,
328 1046 407 1077 dark
430 1057 511 1084 wax,
533 1045 665 1087 pointed
683 1045 764 1076 oval.
812 1045 940 1079 Deviee.
965 1044 1054 1077 three
1077 1044 1239 1084 chevrons,
1261 1046 1463 1088 represented
1479 1045 1524 1087 by
1539 1046 1642 1088 single

175 1115 256 1147 lines
271 1115 358 1156 only,
376 1114 440 1146 and
456 1117 513 1146 not
527 1113 644 1145 within
660 1125 679 1145 a
695 1113 806 1145 shield.

222 1183 411 1226 Legend—‘
428 1188 459 1219 4-
480 1193 590 1214 SIGILL
606 1193 756 1214 EUGole
774 1207 780 1213 .
798 1182 956 1214 GRAMUS)

222 1252 443 1284 Endorsed-—‘
455 1251 552 1284 Carta
582 1251 736 1293 Hugonis
763 1250 902 1282 Gramus
932 1251 971 1282 de
995 1250 1097 1282 tribus
1125 1251 1204 1283 aeris
1240 1254 1322 1283 terre
1346 1254 1377 1283 et
1402 1251 1536 1283 dimidia
1566 1263 1646 1294 quas

177 1309 269 1341 nobis
284 1308 395 1340 dedit)

845 1419 975 1452 DGOV.

179 1502 341 1535 GRANT
379 1502 444 1534 BY
477 1501 698 1534 MAURIOE
729 1501 926 1534 GRAMUS
961 1501 1020 1534 OF
1056 1501 1189 1534 LAND
1227 1501 1289 1534 AT
1328 1501 1554 1534 GOYLAKE
1585 1502 1642 1534 TO

699 1570 908 1602 MARGAM
945 1570 1117 1602 ABBEY.

636 1651 766 1695 [HARL.
792 1652 967 1689 Omnma,
993 1653 1032 1684 75
1058 1651 1092 1683 O.
1119 1653 1184 1692 14.]

221 1732 331 1764 Sciant
353 1736 513 1774 presentes
535 1735 567 1765 et
590 1733 694 1765 futuri
717 1734 803 1775 quod
826 1745 886 1776 ego
909 1733 1105 1765 MAUmcms
1130 1732 1274 1765 GRAMUs
1297 1732 1426 1764 oonsilio
1457 1735 1489 1764 et
1512 1743 1640 1764 assensu

175 1799 300 1832 Tuom
318 1800 460 1833 GRAMUS
476 1801 582 1833 fratris
598 1801 661 1833 mei
679 1827 685 1833 .
702 1802 833 1844 insuper
848 1805 880 1834 et
895 1802 1048 1833 heredum
1065 1804 1096 1833 et
1113 1801 1249 1833 aliorum
1273 1801 1446 1833 amicorum
1470 1812 1614 1832 meorum
1632 1826 1637 1832 .

177 1868 250 1900 dedi
267 1873 298 1900 et
314 1869 450 1900 concessi
465 1872 497 1900 et
511 1869 571 1901 hae
585 1871 725 1912 presenti
740 1874 827 1902 carta
841 1882 912 1902 mea
929 1870 1112 1902 confirmavi
1128 1870 1198 1902 Deo
1213 1873 1245 1901 et
1261 1869 1387 1901 ecclesie
1405 1868 1497 1900 beate
1520 1868 1640 1900 MAROE

176 1937 215 1968 de
236 1936 390 1968 MARGAX
417 1940 449 1968 et
475 1937 638 1969 monachis
660 1937 779 1970 ibidem
800 1938 870 1970 Deo
895 1939 1106 1971 servientibus
1125 1964 1131 1970 .
1155 1941 1292 1980 quatuor
1315 1949 1402 1969 acras
1421 1940 1451 1968 et
1473 1937 1639 1968 dimidiam

175 2007 258 2036 terre
283 2030 289 2036 .
315 2004 394 2036 Illas
421 2005 568 2037 videlieet
595 2017 673 2048 quas
699 2006 795 2038 miehi
823 2007 913 2039 dedit
939 2008 1042 2039 dietus
1073 2007 1217 2038 'snmus
1245 2006 1389 2038 GRAMUS
1416 2006 1515 2037 frater
1541 2016 1638 2037 meus.

176 2072 322 2108 Quarum
344 2073 406 2104 due
428 2073 535 2115 jacent
549 2074 645 2116 juxta
665 2078 782 2107 terram
806 2075 960 2107 HEchx
984 2076 1104 2107 BARET
1127 2102 1132 2107 .
1158 2076 1191 2107 in
1214 2075 1361 2107 orientali
1386 2079 1476 2113 parte
1496 2098 1503 2106 .
1526 2077 1557 2106 et
1578 2075 1641 2106 due

174 2141 282 2184 jacent
302 2141 397 2183 juxta
419 2145 536 2174 terram
557 2142 718 2175 Hneoms
740 2154 883 2175 JUVENis
900 2169 906 2175 .
924 2144 958 2176 in
982 2144 1169 2176 occidentali
1192 2148 1291 2186 parte.
1339 2143 1385 2174 Et
1407 2143 1586 2174 extendunt
1609 2153 1641 2174 se

174 2219 283 2241 omnes
306 2210 390 2242 dicte
415 2213 552 2252 quatuor
573 2221 643 2243 aere
669 2211 704 2243 in
731 2211 936 2254 longitudine
964 2237 970 2243 .
998 2223 1017 2243 a
1040 2223 1159 2254 magna
1182 2211 1234 2244 via
1257 2223 1356 2254 usque
1380 2212 1421 2243 ad
1443 2210 1639 2243 GOYELAKE.
