1820 2548
216 223 299 254 1080

214 378 337 410 Datum
367 377 554 410 duodecimo
593 376 644 408 die
679 376 827 409 Januarii
865 386 950 407 anno
979 375 1072 418 regni
1103 374 1204 417 Regis
1233 374 1403 406 Enwfflm
1433 375 1492 407 filii
1529 374 1631 418 Regis

171 446 339 478 EnwAnm
356 446 584 478 terciodecimo.

213 515 294 547 Oval
316 514 390 553 scal,
413 515 470 546 red
493 524 573 552 wax,
598 513 662 555 {in
686 512 732 554 by
754 513 819 553 gin.
866 512 934 544 Our
956 511 1053 551 Lord,
1078 512 1240 554 standing,
1261 511 1340 543 with
1362 511 1500 551 nimbus,
1523 512 1588 544 and
1609 523 1629 545 a

174 583 377 626 rectangular
391 583 507 625 plaque
522 582 557 613 in
573 581 627 613 the
647 580 737 624 right
753 581 850 620 hand,
868 580 1044 622 uppem-ing
1059 582 1093 612 to
1108 579 1155 612 St.
1173 579 1321 619 Thomas,
1338 579 1409 612 who
1428 579 1455 612 is
1477 580 1630 624 kneeling

172 651 279 684 before
295 651 363 682 him
379 650 457 682 with
472 650 560 681 hand
576 648 792 681 outstretehed
805 660 811 680 :
837 648 871 680 in
887 659 906 680 a
922 647 1073 690 canopied
1089 647 1191 680 niehe.

580 721 588 734 ⁴
605 717 646 760 [ε’
666 742 672 748 .
693 727 811 748 THOME
828 741 835 747 .
852 715 866 758 ]
886 727 930 748 DE
947 740 955 749 .
971 715 1218 748 PENEBRYGGE.'

769 903 1030 937 DCOCXOVH.

172 987 334 1021 GRANT
372 987 436 1019 BY
479 987 500 1019 J
504 986 606 1018 OHN
643 985 964 1018 BLONOAYNEL
994 984 1051 1017 ΤΟ
1089 984 1277 1017 ROBERT
1311 985 1511 1026 MONSEL,
1542 985 1631 1018 SON

277 1056 336 1089 OF
392 1055 564 1088 HENRY
609 1053 809 1093 MONSEL,
864 1053 923 1086 OF
981 1053 1113 1086 LAND
1167 1053 1222 1086 IN
1275 1053 1372 1085 THE
1428 1053 1519 1086 FEE
1572 1054 1632 1087 OF

279 1123 525 1157 PENMAYN.

767 1177 934 1220 [Fnsmms
956 1177 1045 1220 MS]
1365 1177 1469 1210 CIRCA
1493 1179 1586 1211 1320.

215 1262 324 1293 Sciant
348 1263 509 1303 presentes
529 1263 561 1292 et
582 1259 682 1291 futuri
703 1259 789 1301 quod
812 1270 872 1301 ego
895 1258 916 1291 J
919 1269 1078 1290 onANNEs
1102 1258 1330 1290 Bion-mmm
1349 1259 1423 1291 dedi
1444 1262 1475 1291 et
1496 1259 1634 1292 concessi

171 1333 202 1362 et
222 1330 281 1362 hae
302 1329 441 1372 presenti
459 1331 546 1360 oarta
566 1339 637 1360 mea
658 1327 844 1359 confirmavi
872 1327 1030 1358 ROBERTO
1052 1326 1195 1358 Moxsm
1218 1327 1284 1359 filio
1310 1327 1464 1359 anmcl
1489 1328 1631 1360 Monsm.

172 1410 226 1431 xx.
244 1399 324 1430 (luas
339 1409 426 1430 aeras
441 1402 473 1429 et
488 1397 655 1429 dimidiam
676 1399 759 1428 terre
781 1395 910 1427 arabilis
930 1396 964 1427 in
988 1395 1085 1428 feudo
1105 1396 1145 1427 de
1168 1395 1340 1427 Pramum
1363 1407 1420 1438 pro
1432 1396 1562 1429 servicio
1577 1408 1634 1430 suo

170 1478 306 1509 quarum
332 1469 453 1508 septem
479 1477 548 1497 aere
573 1476 645 1497 cum
675 1464 879 1507 pertinenciis
907 1464 1016 1507 jacent
1044 1464 1078 1496 in
1108 1475 1219 1506 campo
1245 1465 1376 1496 australi
1406 1466 1575 1498 tendentes
1597 1466 1633 1498 in

171 1535 374 1577 longitudine
397 1545 416 1566 a
445 1534 497 1565 via
520 1533 682 1565 communi
704 1533 739 1565 in
763 1533 870 1566 Vnus
900 1543 961 1574 que
991 1533 1080 1565 ducit
1109 1533 1195 1575 apud
1232 1533 1434 1566 Oxmnwrcn
1468 1546 1508 1566 ex
1543 1536 1634 1577 parte

174 1603 321 1636 orientali
341 1614 441 1644 usque
463 1603 505 1634 ad
524 1602 647 1634 fontem
669 1613 731 1643 que
753 1601 871 1633 dicitur
892 1601 1098 1633 LAmssmcn
1119 1613 1158 1633 ex
1177 1604 1267 1643 parte
1288 1602 1475 1634 occidentali
1492 1603 1635 1645 jacentes

170 1673 204 1704 in
227 1671 399 1704 latitudine
423 1682 441 1702 a
465 1674 547 1703 terre
571 1670 650 1702 Ans
667 1670 811 1701 Hmuxo
839 1681 879 1701 ex
905 1672 995 1712 parte
1024 1670 1155 1701 australi
1182 1681 1282 1712 usque
1312 1671 1353 1702 ad
1382 1673 1500 1703 terram
1528 1682 1633 1704 meam

175 1741 336 1783 propriam
351 1750 448 1782 quam
463 1738 580 1771 Dum
596 1738 757 1772 WRENcH
773 1741 860 1770 tenet
876 1749 916 1770 ex
932 1740 1022 1780 parte
1042 1737 1155 1770 boriali
1175 1741 1207 1770 et
1225 1749 1323 1770 unam
1344 1750 1450 1771 acram
1468 1751 1530 1781 que
1549 1739 1636 1782 jacet

174 1809 209 1841 in
225 1808 502 1840 STEnwoRL-moo
516 1807 551 1838 in
566 1810 656 1849 parte
670 1806 797 1848 zepheri
812 1806 905 1848 cujus
919 1817 1020 1838 unum
1043 1807 1147 1848 capud
1167 1807 1272 1838 tendit
1290 1807 1331 1838 ad
1351 1806 1477 1839 Amtm
1497 1807 1635 1840 Buscns:

175 1888 214 1909 ex
230 1879 320 1919 parte
335 1875 483 1907 orientali
499 1875 591 1907 aliud
606 1875 710 1916 capud
725 1885 825 1916 usque
841 1875 881 1906 ad
893 1874 1005 1906 Erms
1016 1885 1055 1906 ex
1066 1877 1157 1916 parte
1169 1875 1356 1907 occidentali
1371 1877 1403 1907 et.
1417 1886 1517 1908 unam
1528 1886 1634 1909 aeram

177 1947 210 1977 et
224 1944 392 1976 dimidiam
408 1955 469 1985 que
484 1943 569 1985 jaoet
583 1943 616 1974 in
634 1942 834 1975 Womamoo
850 1942 924 1974 ville
939 1944 974 1974 in
989 1945 1079 1984 parte
1095 1942 1282 1975 occidentali
1297 1946 1330 1975 et
1345 1943 1498 1986 superiori
1512 1946 1545 1976 et
1556 1944 1636 1977 duas

175 2024 263 2045 acras
283 2016 315 2044 et
337 2011 505 2043 dimidiam
525 2022 587 2052 que
607 2010 715 2053 jacent
733 2010 829 2053 juxta
855 2013 973 2042 terram
997 2010 1124 2043 ecclesie
1142 2010 1176 2042 in
1203 2010 1405 2044 Wonmnco
1434 2022 1495 2053 que
1519 2012 1637 2044 dicitur

177 2081 349 2113 chRorrE
365 2080 399 2111 in
414 2082 504 2122 parte
520 2078 633 2111 boriali
648 2079 699 2111 vie
715 2090 777 2121 que
793 2079 881 2110 ducit
897 2079 939 2110 ad
961 2078 1155 2110 SWEYNESE.
1201 2078 1248 2111 Et
1262 2090 1376 2111 novem
1392 2090 1478 2111 aeras
1493 2082 1526 2112 et
1540 2080 1634 2113 dimi-

177 2150 264 2182 diam
285 2160 346 2190 que
368 2148 477 2190 jacent
499 2147 594 2190 juxta
616 2159 734 2179 novam
756 2147 884 2180 foveam
904 2147 939 2179 in
960 2158 1070 2189 campo
1094 2147 1242 2179 orientali
1271 2158 1291 2179 a
1310 2147 1363 2179 via
1386 2158 1448 2189 que
1469 2148 1575 2180 tendit
1598 2148 1640 2181 ad

177 2217 363 2250 Swm-anr:
385 2227 425 2248 ex
446 2218 537 2258 parte
554 2215 668 2247 boriali
691 2227 791 2258 usque
816 2216 858 2248 ad
884 2215 970 2247 viam
992 2215 1128 2247 viridem
1153 2226 1215 2257 que
1235 2215 1323 2248 duoit
1341 2216 1382 2247 ad
1403 2215 1526 2248 fontem
1544 2216 1636 2249 beate

175 2286 296 2318 Mimn
312 2285 352 2316 de
368 2283 536 2316 Pan-xm
552 2295 592 2315 ex
606 2286 697 2326 parte
712 2284 852 2316 australi.
898 2283 944 2316 Et
963 2295 1062 2316 unam
1080 2294 1185 2316 aeram
1208 2278 1269 2326 que
1285 2283 1402 2316 dicitur
1416 2283 1635 2316 Bnmsmnz
