1820 2548
243 213 305 243 814

244 367 362 400 Exitus
389 368 529 410 piscarie.
577 367 670 399 Idem
700 368 868 409 respondet
893 368 932 399 de
958 370 1048 400 uulf.
1075 378 1166 399 xnus.
1193 369 1261 398 de.
1287 367 1420 409 receptis
1449 367 1489 399 de
1518 366 1656 399 exitibus

203 436 334 477 piscarie
361 436 527 478 gurgitum
558 438 591 467 et
619 447 700 477 aque
727 436 766 467 de
793 435 887 466 TAAF
915 446 971 477 per
994 435 1079 467 idem
1103 439 1236 478 tempus.
1283 435 1329 467 Et
1353 435 1424 467 ideo
1450 435 1558 466 minus
1581 434 1657 477 quia

202 504 348 546 gurgites
362 504 497 535 defracti
512 503 643 535 fuerunt
660 514 716 545 per
731 503 974 535 inundationem
990 503 1094 535 maris.
1139 503 1272 536 Summa
1289 505 1379 535 111Jli.
1397 514 1488 534 mus.
1506 505 1574 535 de.

248 572 370 604 Placita
385 575 417 604 et
438 572 697 614 Perquisitiones.
745 572 838 604 Idem
860 572 1027 614 respondet
1051 573 1091 604 de
1109 583 1172 604 XJS.
1190 574 1257 604 vsd.
1275 571 1408 614 receptis
1423 572 1462 603 de
1484 571 1609 614 placitis
1625 573 1658 604 et

204 640 486 683 perquisitionibus
508 641 592 672 dicte
615 640 690 672 ville
705 651 762 682 per
776 640 861 672 idem
876 643 1002 682 tempus
1017 643 1049 672 et
1063 640 1134 672 ideo
1150 641 1256 672 minus
1271 651 1364 672 causa
1378 651 1492 682 guerre
1506 639 1656 682 predicte.

204 708 337 741 Summa
353 720 416 741 xss.
434 711 502 741 de.
549 709 683 741 Summa
698 709 799 741 tocius
813 712 936 750 recepte
954 711 1059 740 xtuli.
1078 720 1147 740 xvs.
1165 711 1214 741 vd.
1230 710 1274 740 ob.

847 789 1017 821 EXPENSE.

247 859 460 900 Aquietancia
497 862 527 890 et
566 858 718 890 resolucio
755 858 907 890 redditus.
962 858 1056 890 Idem
1093 861 1255 900 computat
1293 859 1325 890 in
1363 857 1580 900 acquietancia
1617 868 1657 890 υ.

204 925 373 957 balliorum
396 926 470 957 ville
491 926 530 957 de
553 925 714 957 KAERDIF
737 926 778 957 ad
801 925 954 957 terminos
976 925 1086 958 Sancti
1105 925 1279 958 <IOHANNIS
1302 926 1470 958 Bnnsm
1495 928 1527 957 et
1550 925 1661 958 Sancti

203 993 397 1025 Mmffims
427 1004 510 1025 111J8.
557 993 602 1025 Et
632 993 666 1025 in
696 993 823 1025 redditu
853 993 991 1025 resoluto
1017 993 1126 1026 abbati
1153 997 1185 1026 et
1214 994 1385 1026 conventui
1412 994 1451 1025 de
1477 993 1604 1026 Nsssrn
1619 994 1659 1026 de

203 1065 278 1094 xxli.
312 1073 380 1094 ms.
411 1062 529 1093 eisdem
559 1061 668 1094 abbati
698 1065 730 1093 et
761 1062 931 1094 conventui
965 1062 1134 1104 assignatis
1164 1062 1198 1094 in
1229 1062 1306 1094 villa
1335 1063 1375 1094 de
1412 1061 1573 1094 KAEnmr
1602 1073 1659 1104 per

203 1134 413 1162 antecessores
433 1130 567 1172 predicti
588 1129 722 1161 Comitis
742 1141 799 1172 pro
818 1129 973 1162 escambio
995 1130 1194 1172 qum-undem
1217 1134 1373 1162 terrarum
1397 1130 1430 1162 in
1453 1129 1598 1172 partibus
1619 1130 1660 1162 de

206 1197 330 1230 Nmzm
349 1200 402 1229 xli.
420 1200 540 1229 xand.
587 1197 721 1229 Summa
738 1200 790 1229 xli.
809 1209 854 1229 vs.
873 1200 939 1229 vad.

248 1266 364 1298 Gustus
388 1265 658 1298 Molendinorum.
704 1265 798 1297 Idem
821 1269 984 1308 computat
1005 1266 1040 1297 in
1063 1277 1170 1308 grosso
1190 1267 1360 1298 maeremio
1377 1266 1605 1308 prosternendo
1626 1266 1662 1298 in

204 1334 304 1366 boscis
341 1339 373 1366 et
410 1334 602 1376 propriando
639 1338 670 1366 et
709 1334 848 1376 eariagio
885 1334 1029 1376 ejusdem
1066 1345 1085 1366 a
1115 1334 1215 1366 boscis
1252 1346 1351 1376 usque
1382 1334 1569 1366 molendina¹
1604 1345 1662 1376 pro

205 1403 428 1435 emendacione
456 1403 711 1435 molendinorum
736 1402 854 1434 ibidem
880 1414 924 1434 vs.
982 1402 1025 1434 Et
1051 1404 1085 1433 in
1109 1403 1332 1434 emendacione
1362 1404 1474 1435 domus
1503 1403 1661 1435 dictorum

204 1471 460 1503 molendinorum
484 1475 578 1513 prout
598 1482 725 1503 necesse
744 1471 807 1503 fuit
828 1474 864 1503 ut
886 1472 918 1502 in
935 1472 1159 1503 emendacione
1174 1482 1338 1503 murorum
1354 1474 1386 1504 et
1401 1475 1584 1513 cooperture
1605 1482 1663 1513 per

206 1540 291 1571 idem
317 1542 443 1581 tempus
474 1539 568 1570 simul
597 1550 668 1570 cum
699 1550 806 1570 musco
836 1539 966 1571 collecto
993 1540 1033 1571 ad
1058 1539 1144 1570 idem
1170 1541 1288 1571 xmmd.
1335 1539 1381 1571 Et
1404 1539 1439 1571 in
1465 1551 1530 1571 uno
1554 1539 1663 1572 fusillo

207 1607 407 1639 emendando
428 1607 547 1639 ibidem
566 1607 662 1638 simul
682 1619 754 1639 cum
777 1607 860 1639 ferro
884 1611 989 1649 empto
1014 1608 1055 1639 ad
1078 1607 1163 1639 idem
1191 1619 1247 1649 per
1265 1612 1328 1639 tres
1350 1608 1432 1640 vices
1465 1619 1517 1639 ms.
1563 1607 1608 1640 Et
1629 1607 1665 1640 in

209 1675 316 1707 fusillo
341 1675 472 1707 alterius
496 1675 672 1706 molendini
696 1675 816 1707 ibidem
840 1676 1038 1707 emendando
1063 1687 1119 1717 per
1142 1676 1227 1707 idem
1252 1679 1377 1718 tempus
1403 1680 1522 1708 xand.
1568 1675 1615 1708 Et
1629 1676 1663 1708 in

212 1743 297 1776 billis
319 1744 477 1775 dictorum
500 1743 756 1775 molendinorum
780 1744 929 1775 acuendis
951 1747 982 1775 et
1006 1744 1168 1775 acerandis
1183 1744 1338 1786 peridem
1354 1748 1479 1786 tempus
1505 1755 1573 1776 111⁸.
1620 1743 1666 1776 Et

211 1813 243 1843 in
267 1811 391 1843 duobus
414 1811 555 1843 molariis
578 1812 693 1853 emptis
715 1812 756 1843 ad
779 1811 963 1843 molendina
984 1812 1125 1853 predicta
1144 1813 1238 1844 simul
1254 1824 1325 1844 cum
1341 1813 1478 1855 ean'agio
1493 1812 1666 1844 eorundem

213 1890 303 1911 xus-s.
324 1882 419 1910 vqul.
467 1879 599 1911 Summa
618 1890 725 1910 xxm-s.
745 1883 841 1911 ancl.

255 1947 371 1979 Gustus
386 1947 526 1989 piscarie.
573 1947 666 1978 Idem
682 1951 843 1989 computat
859 1948 893 1979 in
911 1948 1042 1980 diversis
1057 1948 1207 1990 operariis
1222 1949 1331 1980 locatis
1347 1949 1386 1980 ad
1403 1948 1666 1990 prosternendum

212 2020 243 2047 et
270 2015 486 2057 colligendum
513 2015 619 2057 virgas
639 2020 670 2046 et
697 2015 786 2047 aliud
814 2016 1020 2048 maeremium
1047 2017 1080 2047 in
1108 2016 1199 2048 bosco
1224 2017 1350 2058 proprio
1371 2017 1412 2047 ad
1432 2016 1666 2058 reparacionem

213 2084 380 2127 gurgitum
397 2095 431 2115 m
447 2095 529 2125 aqua
545 2084 584 2115 de
599 2083 694 2115 TAAF
710 2088 741 2116 et
756 2084 790 2116 in
806 2084 972 2126 stipendiis
999 2085 1172 2116 eorundem
1188 2085 1402 2126 operariorum
1414 2096 1469 2126 pro
1481 2084 1668 2117 defectubus

214 2152 371 2184 dictorum
397 2152 565 2194 gurgitum
592 2152 800 2183 emendandis
814 2163 870 2194 per
885 2153 953 2184 loca
976 2153 1018 2184 ad
1041 2152 1178 2184 tascham
1205 2163 1311 2184 vass.
1336 2155 1433 2184 and.
1479 2152 1525 2184 Et
1546 2152 1581 2184 in
1603 2163 1668 2184 una

215 2219 332 2252 bateua
355 2222 463 2261 empta.
483 2231 538 2261 pro
562 2220 673 2251 eadem
695 2220 827 2261 piscaria
849 2220 944 2252 simul
965 2231 1036 2252 cum
1058 2232 1123 2252 uua
1144 2224 1254 2252 eatena
1274 2220 1376 2252 ferrea
1392 2224 1498 2262 empta
1514 2231 1577 2252 xasa
1595 2219 1666 2252 VJd.

215 2287 347 2319 Summa
364 2298 523 2319 Lxxwmx.
540 2287 603 2319 md.
