1820 2548
1520 190 1582 222 879

158 359 215 382 seu
230 349 346 391 aliquis
361 351 594 380 antecessorum
610 358 747 379 suorum.
794 347 885 379 Dicit
900 347 998 379 etiam
1013 347 1099 389 quod
1114 346 1246 388 quidam
1262 346 1436 378 Rxcnmus
1451 346 1490 378 de
1511 345 1626 378 CLARE

162 418 326 460 quondam
348 427 451 449 comes
474 415 726 455 Groncnsmm,
742 417 835 458 pater
856 426 942 455 suus,
964 414 1056 458 cujus
1077 414 1179 446 haeres
1200 414 1267 456 ipse
1290 416 1346 453 est,
1370 414 1434 446 fuit
1456 414 1490 445 in
1511 414 1626 446 seisina

162 486 203 518 de
233 485 386 528 praedicta
419 484 562 517 custodia
591 484 817 527 praedictorum
846 483 1060 515 maneriorum
1092 485 1235 525 tempore
1266 482 1440 514 vacationis
1475 483 1625 524 predictae

162 554 246 586 sedis
260 565 363 596 nuper
377 553 558 596 praeteritae,
575 555 607 584 et
623 553 708 595 quod
723 552 791 595 ipse
806 555 877 594 post
893 555 1028 584 mortem
1043 563 1133 583 suam
1154 551 1189 583 in
1211 551 1346 582 instanti
1369 550 1534 583 vacatione
1557 562 1626 593 pre-

162 622 257 654 diotae
273 622 356 654 sedis
370 621 504 654 intravit
519 621 554 653 in
569 621 747 653 custodiam
762 620 977 663 predictorum
992 620 1218 658 maneriorum,
1231 622 1268 651 ut
1279 619 1314 651 in
1325 619 1398 661 jure
1410 621 1441 651 et
1451 619 1626 652 hereditate

162 702 220 723 sua
240 693 272 723 et
297 691 337 722 de
363 702 426 732 quo
452 689 524 732 jure
550 689 711 732 predictus
740 692 833 732 pater
864 701 940 721 suus
970 688 1049 721 obiit
1079 689 1214 728 seisitus,
1246 691 1277 719 et
1306 699 1372 720 non
1402 699 1458 730 per
1487 688 1629 730 aliquam

164 758 404 800 occupationem
430 758 553 790 domini
580 758 665 800 Regi
688 757 817 789 factam.
880 757 996 789 Postea
1023 757 1109 799 apud
1134 756 1412 788 KxxGESCLIPTON
1440 756 1491 788 die
1517 755 1628 788 Lem

162 827 308 870 proximo
334 831 406 868 post
429 826 548 858 festum
571 825 681 859 Sancti
702 825 807 858 LccAE
831 826 1036 868 evangelistae
1061 837 1146 857 anno
1172 825 1295 857 decimo
1321 827 1432 856 octavo
1458 824 1630 866 praedictus

159 907 263 928 comes
298 894 541 927 GLOUCESTRUE
571 897 603 927 et
627 894 822 926 HEREFORD
846 894 988 926 reddidit
1014 894 1142 926 domine
1170 893 1256 936 Regi
1282 893 1317 925 id
1341 893 1428 935 quod
1451 893 1493 925 ad
1519 893 1625 935 ipsum

161 964 317 1006 pertinuit
333 965 372 996 de
387 963 597 996 advocatione
613 966 644 996 et
660 964 803 995 custodia
827 963 1024 1006 episcopatus
1049 962 1193 1005 predicti,
1218 974 1284 994 una
1311 973 1383 994 cum
1408 961 1631 994 collationibus

159 1032 394 1076 prebendarum
409 1034 441 1064 et
456 1032 656 1074 dignitatum
672 1031 819 1074 ejusdem
834 1035 976 1073 tempore
993 1031 1166 1063 vacationis
1189 1031 1388 1073 episcopatus
1403 1030 1500 1069 illius,
1517 1032 1554 1062 ut
1578 1030 1632 1072 jus

160 1101 261 1144 ipsius
275 1101 399 1133 domini
416 1100 526 1143 Regis,
544 1103 638 1143 prout
654 1101 806 1142 scriptum
822 1100 923 1142 ipsius
939 1099 1063 1132 comitis
1078 1100 1164 1142 quod
1185 1099 1315 1131 domino
1343 1098 1428 1141 Regi
1453 1099 1530 1130 inde
1554 1098 1631 1130 fecit

160 1169 287 1212 plenius
303 1171 448 1207 testatur,
465 1171 524 1201 etc,
570 1168 616 1200 Et
631 1168 717 1200 idem
733 1169 882 1200 dominus
898 1168 971 1200 Rex
986 1170 1096 1210 postea
1111 1168 1150 1199 de
1177 1167 1281 1210 gratia
1307 1178 1364 1198 sua
1388 1167 1516 1209 speciali
1542 1166 1630 1198 dedit

162 1240 195 1270 et
209 1237 361 1270 concessit
377 1248 434 1280 pro
450 1248 482 1269 se
497 1240 530 1269 et
545 1236 716 1268 heredibus
731 1236 796 1268 suis
807 1237 911 1268 eidem
927 1236 1036 1268 comiti
1048 1238 1079 1268 et
1095 1235 1117 1268 J
1119 1247 1271 1268 OHANXAE
1282 1235 1375 1267 uxori
1390 1246 1456 1266 suae
1467 1235 1632 1266 karissime

161 1306 237 1339 flliae
251 1307 352 1349 ipsius
367 1305 490 1338 domini
513 1305 614 1348 Regis
641 1305 882 1337 advocationem
906 1308 938 1337 et
965 1304 1141 1337 custodiam
1168 1304 1369 1346 episcopatus
1396 1303 1531 1346 predicti
1557 1315 1629 1335 cum

163 1375 375 1418 pertinenffis.
422 1374 623 1406 Habendum
638 1379 670 1406 et
686 1375 861 1406 tenendum
878 1374 917 1405 de
934 1385 965 1405 se
981 1376 1013 1405 et
1035 1372 1205 1405 heredibus
1232 1373 1297 1404 suis
1321 1373 1441 1404 eisdem
1467 1372 1575 1404 comiti
1597 1374 1629 1404 et

160 1444 183 1477 J
185 1455 336 1476 OHANNAE
352 1455 424 1476 cum
439 1443 662 1475 collationibus
677 1442 911 1485 prebendarum
928 1444 960 1474 et
972 1442 1171 1485 dignitatum
1183 1442 1382 1484 episcopatus
1394 1441 1481 1472 illius
1493 1441 1629 1482 singulis

160 1512 358 1555 temporibus
387 1512 589 1544 vacationum
620 1512 765 1554 ejusdem
797 1512 837 1543 ad
868 1514 970 1543 totam
994 1511 1095 1542 vitam
1121 1511 1287 1552 utriusque
1314 1521 1424 1542 eorum
1451 1509 1574 1541 comitis
1599 1511 1630 1540 et

161 1581 345 1614 JOHANNAE.
391 1580 446 1612 Ita
461 1581 547 1623 quod
569 1582 640 1622 post
663 1581 825 1612 decessum
848 1580 991 1622 ipsorum
1015 1579 1139 1612 comitis
1162 1582 1194 1612 et
1215 1579 1236 1611 J
1239 1589 1390 1610 OHANNAE
1413 1578 1578 1610 advocatio
1599 1582 1630 1609 et

159 1650 303 1682 custodia
318 1649 518 1692 episcopatus
532 1649 668 1691 predicti
683 1660 748 1680 una
764 1660 836 1680 cum
861 1648 1086 1680 collationibus
1111 1647 1347 1690 prebendarum
1374 1651 1406 1678 et
1430 1646 1629 1689 dignitatum

159 1717 305 1760 ejusdem
320 1717 517 1759 temporibus
531 1717 705 1749 vacationis
721 1718 918 1760 episcopatus
934 1717 1022 1749 illius
1038 1717 1079 1748 ad
1094 1717 1200 1759 ipsum
1216 1715 1342 1758 Regem
1354 1718 1383 1747 et
1397 1715 1538 1746 haeredes
1559 1725 1630 1746 suos

160 1787 286 1829 integre
301 1788 503 1818 revertentur
525 1786 634 1828 quieta
657 1787 696 1817 de
720 1785 889 1817 heredibus
910 1786 1085 1817 eorundem
1107 1784 1232 1817 comitis
1259 1786 1291 1816 et
1311 1783 1333 1816 J
1335 1794 1486 1815 OHANNAE
1510 1782 1625 1824 imper-

162 1861 305 1898 petuum,
322 1855 418 1887 Salva
434 1855 565 1886 domino
582 1854 668 1896 Regi
683 1858 715 1886 et
731 1854 902 1886 heredibus
918 1854 982 1886 suis
998 1855 1030 1885 in
1049 1854 1184 1896 singulis
1197 1852 1417 1884 vacationibus
1433 1852 1632 1893 episcopatus

161 1924 296 1966 predicti
319 1923 473 1955 fidelitate
496 1923 596 1966 ipsius
621 1922 710 1966 [qui]
736 1923 770 1954 in
793 1923 975 1965 episcopum
993 1922 1138 1965 ejusdem
1154 1922 1215 1954 loci
1231 1920 1402 1963 contigerit
1425 1920 1604 1952 confirmari
1624 1945 1630 1950 .

163 1995 258 2034 prout
275 1994 361 2024 carta
377 1991 476 2033 ipsius
491 1991 615 2023 domini
632 1991 732 2033 Regis
758 1992 877 2023 eisdem
902 1991 1009 2023 comiti
1035 1994 1067 2022 et
1093 1990 1268 2022 JOHANNAE
1294 1989 1369 2020 inde
1396 1988 1481 2020 facta
1508 1987 1632 2030 plenius

161 2063 307 2098 testatur,
334 2062 392 2092 etc.
