1820 2548
224 166 287 196 894

182 332 278 363 quam
301 320 434 353 mes
457 320 616 353 aurifaber
631 319 735 352 tenuit
760 344 766 350 .
791 322 823 350 et
844 329 900 350 xx.
925 318 1073 350 solidatos
1094 319 1238 350 redditus
1260 329 1331 350 oum
1354 318 1558 360 pertinenciis
1573 319 1638 351 suis

183 401 262 431 quas
288 388 501 422 Wumzmws
526 389 565 421 de
591 388 706 420 BELLo
729 387 853 419 MONTE
875 387 989 419 tenuit.
1044 387 1097 419 Ita
1121 388 1205 429 quod
1231 387 1308 419 dieti
1330 387 1477 419 monachi
1499 387 1638 420 habeant

183 462 215 490 et
237 460 368 490 teneant
390 457 470 489 bene
492 461 524 489 et
546 457 580 488 in
604 468 680 498 paee
703 456 809 487 omnia
831 455 974 497 predicta
1002 455 1082 487 siout
1107 458 1192 487 carta
1218 455 1340 487 domini
1366 455 1429 487 mei
1451 455 1637 488 Wmmm

184 525 379 558 CAMERARII
403 537 499 567 quam
522 526 596 557 inde
618 524 738 556 habent
760 527 903 556 testatur.
949 523 994 556 Et
1010 527 1046 556 ut
1068 524 1124 556 hec
1139 535 1209 556 mea
1225 524 1379 556 concessio
1395 525 1427 555 et
1441 524 1638 556 confirmatio

182 594 279 626 robur
309 594 451 637 optineat
480 594 513 625 in
545 597 734 636 perpetuum
764 593 902 635 presenti
926 592 1041 634 scripto
1071 592 1213 635 sigillum
1243 603 1349 624 meum
1375 592 1515 634 apposui.
1562 592 1639 625 Hiis

184 662 325 694 testibus.

228 731 428 762 Entitled—‘
442 729 651 762 Confirmacio
667 729 806 772 Agnetis
823 729 1001 761 Camerarie
1020 730 1059 761 de
1082 728 1268 761 vendieione
1285 731 1316 760 et
1332 728 1560 761 donaoionibus
1582 727 1642 760 viri

184 799 257 831 sui.'

780 927 1047 961 DCCLXXXV.

183 1010 345 1044 GRANT
393 1010 458 1043 BY
513 1009 731 1043 WILLIAM
777 1009 840 1042 DE
884 1008 1201 1041 BELLOMONTE
1247 1008 1305 1041 OF
1354 1008 1505 1041 RENTS
1548 1008 1642 1042 FOR

291 1078 573 1112 TENEMENTS
608 1078 661 1110 IN
695 1077 893 1111 LEWIN’S
931 1077 1077 1117 MEAD,
1111 1077 1319 1117 BRISTOL,
1351 1077 1408 1109 To
1434 1076 1643 1110 MARGAM

290 1147 462 1180 ABBEY.

720 1190 893 1233 [MARGAM
917 1189 1108 1232 CHARTER]

226 1272 335 1304 Sciant
351 1283 382 1314 p.
399 1275 431 1304 et
454 1272 476 1303 f.
503 1272 588 1313 quod
611 1283 670 1314 ego
694 1271 907 1303 VVILLELMUS
930 1271 969 1302 de
993 1270 1221 1302 BELLOMONTE
1236 1273 1346 1302 teneor
1363 1271 1495 1302 reddere
1510 1270 1646 1313 singulis

185 1341 278 1372 annis
300 1341 408 1372 domui
431 1342 470 1372 de
494 1340 646 1371 MARGAN
672 1351 718 1371 VJ.
745 1340 860 1371 solidos
883 1339 1109 1381 sterlingorum
1130 1350 1187 1380 pro
1209 1339 1400 1371 tenementis
1422 1350 1483 1380 que
1504 1339 1544 1370 de
1559 1339 1645 1371 diota.

185 1410 279 1441 domo
304 1413 396 1440 teneo
421 1409 461 1440 ad
485 1408 572 1440 feodi
603 1408 728 1439 firmam
758 1407 793 1439 in
824 1407 901 1439 villa
932 1406 1112 1438 Bms‘ronm
1144 1432 1150 1438 .
1183 1406 1301 1439 scilieet
1326 1412 1416 1438 111J⁰¹·
1443 1407 1558 1439 solidos
1587 1417 1645 1449 pro

185 1480 366 1510 tenemento
389 1477 424 1508 in
446 1481 537 1518 prato
561 1476 699 1508 annu
724 1501 730 1507 .
756 1476 841 1518 quod
864 1475 962 1507 habui
984 1487 1024 1507 ex
1044 1475 1127 1506 dono
1146 1474 1168 1507 J
1170 1485 1319 1506 OHANNIS
1334 1474 1478 1506 UTLAGE
1496 1501 1502 1507 .
1520 1478 1552 1507 et
1568 1476 1647 1508 duos

186 1546 302 1578 solidos
317 1557 373 1587 pro
390 1550 473 1577 terra
489 1556 550 1587 que
565 1545 650 1587 jacet
666 1544 750 1576 inter
771 1544 932 1576 ecelesiam
948 1543 1057 1575 Sancti
1073 1543 1179 1574 PETRI
1203 1548 1233 1575 et
1257 1544 1431 1575 castellum.
1478 1543 1550 1576 Hos
1572 1555 1646 1577 vero

188 1626 241 1646 sex
257 1613 371 1646 solidos
387 1625 446 1656 ego
463 1616 494 1645 et
509 1613 640 1645 heredes
655 1613 718 1644 mei
739 1616 885 1644 tenemur
900 1613 1030 1644 reddere
1049 1612 1132 1643 dicte
1147 1612 1257 1644 domui
1273 1613 1312 1644 de
1335 1612 1487 1644 MARGAN
1511 1613 1553 1644 ad
1567 1612 1647 1645 duos

188 1682 340 1714 terminos
356 1682 433 1714 anni
450 1707 456 1713 .
476 1681 622 1713 videlieet
637 1682 678 1713 ad
694 1681 813 1713 festum
829 1680 938 1713 Sancti
954 1680 1146 1711 Mmmms
1161 1683 1225 1712 tres
1240 1680 1355 1712 solidos
1371 1684 1402 1712 et
1418 1681 1459 1712 ad
1474 1681 1645 1713 annuntia-

189 1751 309 1782 tionem
325 1750 440 1783 sanate
456 1749 575 1781 Minue
592 1752 654 1781 tres
670 1749 794 1781 solidos.
841 1748 990 1781 Preterea
1006 1760 1064 1791 ego
1081 1752 1112 1780 et
1128 1749 1257 1781 heredes
1278 1749 1340 1781 mei
1356 1752 1503 1781 tenemur
1517 1750 1647 1782 reddere

191 1819 326 1861 singulis
353 1818 445 1850 annis
471 1818 568 1860 priori
596 1817 704 1849 Sancti
728 1817 847 1850 JA110131
877 1828 936 1849 x11.
964 1817 1109 1849 denarios
1138 1843 1143 1848 .
1171 1820 1203 1849 et
1233 1817 1407 1850 WALTERO
1445 1817 1560 1849 Ouum
1598 1818 1649 1850 vel

192 1886 361 1919 heredibus
377 1887 446 1929 ejus
464 1898 509 1918 νι.
527 1886 672 1918 denarios
687 1897 743 1928 pro
760 1886 844 1917 dieta
867 1889 949 1917 terra
972 1897 1032 1928 que
1056 1889 1102 1917 est
1124 1886 1158 1917 in
1181 1890 1272 1928 prato
1295 1885 1457 1917 Lssmnm.
1505 1885 1601 1920 Quod
1623 1886 1650 1918 si

193 1955 345 1987 terminos
361 1954 516 1996 predictos
532 1954 668 1986 fideliter
683 1965 747 1986 non
770 1954 965 1986 tenuerimus
989 1979 995 1984 .
1019 1954 1111 1985 liceat
1134 1953 1296 1986 monachis
1319 1954 1358 1985 de
1380 1952 1533 1985 MARGAN
1556 1953 1651 1986 feoda

194 2033 250 2053 sna
266 2033 395 2054 namare
415 2025 445 2053 et
469 2022 659 2064 distringere
682 2021 800 2064 absque
821 2022 1068 2054 contradictione
1086 2022 1150 2053 mei
1170 2024 1202 2053 et
1223 2032 1366 2053 meorum
1389 2021 1488 2052 donee
1509 2020 1651 2063 plenarie

195 2090 337 2123 redditus
361 2101 433 2122 suos
459 2090 665 2132 perceperint.
722 2090 809 2122 Illud
837 2093 943 2122 autem
972 2090 1135 2122 sciendum
1158 2089 1244 2131 quod
1273 2099 1333 2131 ego
1358 2088 1407 2120 vel
1433 2088 1563 2120 heredes
1587 2088 1650 2121 mei

196 2159 296 2190 dictas
310 2161 410 2189 terras
425 2158 507 2189 nulli
522 2169 687 2200 possumus
703 2159 778 2190 dare
795 2184 801 2190 .
820 2159 956 2190 vendere
972 2184 978 2190 .
997 2157 1193 2189 excambiare
1209 2157 1259 2189 vel
1279 2167 1298 2188 a
1320 2157 1414 2188 domo
1437 2157 1476 2188 de
1498 2156 1652 2188 Minoa

197 2227 334 2259 alienare
350 2226 417 2258 sine
434 2237 586 2258 consensu
602 2225 726 2258 abbatis
741 2226 780 2258 de
795 2225 949 2258 MARGAN
968 2251 975 2257 .
994 2229 1025 2257 et
1047 2225 1105 2257 hoo
1128 2225 1222 2257 salvis
1244 2236 1298 2256 sex
1322 2224 1429 2257 solidis
1451 2223 1649 2266 supradictis.
