1820 2548
239 197 323 229 1114

194 351 281 385 illius
295 364 352 395 per
367 353 497 386 servicia
513 365 573 396 que
589 354 630 385 ad
651 353 733 386 illud
750 355 927 386 manerium
946 354 994 397 [et
1011 355 1253 388 advocaoionem
1276 355 1472 398 pre]dictam
1494 357 1657 399 pertinent

194 420 429 463 inperpetuum.

236 489 330 522 Idem
354 490 533 523 Ronanus
560 494 593 523 et
628 491 751 523 BURGA
775 503 854 523 uxor
881 491 952 534 ejus
976 492 1119 524 tulerunt
1146 492 1241 525 breve
1264 504 1358 524 suum
1380 493 1420 525 de
1443 493 1655 526 convencione

195 569 303 590 versus
319 559 455 591 eundem
472 559 697 591 W1LLELMUM
714 559 748 591 in
764 559 822 592 hec
839 559 933 592 verba
945 572 997 592 :—

238 626 459 659 ΕΙᾸΖΛΒΕΤΗΑ
491 628 530 659 de
561 628 681 660 Bmmo
707 628 838 660 domina
869 628 1026 661 Honoms
1051 629 1090 661 de
1117 628 1232 661 Omna
1258 632 1290 661 et
1319 630 1359 661 de
1393 629 1578 662 Gounmm
1607 641 1655 663 se-

198 694 350 738 [nfficallo
373 707 429 728 suo
453 695 655 739 Gon-imum]
682 697 732 728 vel
755 696 826 739 ejus
848 697 953 729 locum
976 698 1100 729 tenenti
1123 698 1267 730 salutem.
1315 697 1447 740 Precipe
1462 697 1657 732 Wummo

195 764 234 796 de
250 764 281 795 la
297 763 396 796 Liu-
420 765 584 806 capellano
607 765 692 807 quod
714 765 800 807 juste
816 769 848 797 et
863 765 930 797 sine
947 765 1102 798 dilacione
1118 769 1226 798 teneat
1241 766 1402 798 Rossmo
1417 767 1456 799 de
1472 767 1609 799 Pauus
1623 768 1656 799 et

192 832 315 864 BURGE
332 833 423 865 uxori
439 833 510 876 ejus
525 834 771 865 convencionem
786 834 870 865 inter
881 845 933 866 eos
944 833 1063 866 factam
1079 835 1118 866 de
1130 836 1251 876 septem
1267 835 1453 877 messuagiis
1465 835 1633 877 sexaginta
1646 860 1653 867 .

191 904 223 932 et
254 902 421 933 duodecim
448 902 528 934 acris
554 905 637 934 terre
655 927 867 934 .........
885 901 1009 934 duobus
1034 903 1228 934 molendinis
1259 906 1291 934 et
1325 914 1389 935 uno
1423 903 1553 946 gurgite
1579 914 1653 936 cum

191 969 396 1011 pertinenciis
408 970 441 1001 in
454 969 641 1002 Lixnmou
654 996 659 1002 .
674 973 707 1003 et
718 970 936 1002 LAxmnvAN.
984 971 1030 1002 Et
1041 971 1103 1003 nisi
1116 970 1226 1003 fecerit
1238 973 1270 1003 et
1281 971 1415 1013 predicti
1430 971 1609 1004 ROBERTUS
1621 974 1654 1004 et

190 1037 314 1070 Bmzffl
338 1038 471 1070 fecerint
495 1042 526 1070 te
549 1050 693 1070 securum
716 1039 756 1070 de
779 1039 892 1071 clamio
915 1050 972 1071 suo
994 1039 1133 1081 presenti
1158 1065 1164 1070 .
1189 1042 1266 1071 tunc
1288 1050 1454 1071 summoue
1476 1051 1533 1082 per
1554 1039 1655 1073 bonos

190 1107 435 1139 summonitores
449 1107 628 1150 predictum
641 1107 867 1140 WtLLELMUM
884 1108 970 1150 quod
985 1108 1027 1140 sit
1042 1119 1147 1139 coram
1162 1110 1194 1139 te
1210 1108 1251 1139 ad
1267 1108 1449 1150 proximum
1464 1109 1652 1141 comitatum

189 1178 333 1207 nostrum
349 1176 434 1217 apud
458 1175 630 1207 PENNARD
646 1180 848 1208 ostensurum
863 1187 961 1218 quare
977 1187 1041 1208 non
1058 1176 1177 1208 fecerit.
1225 1175 1269 1207 Et
1287 1175 1403 1208 habeas
1418 1176 1463 1208 ibi
1478 1177 1653 1209 summoni-

188 1247 272 1275 tores
287 1246 319 1276 et
334 1244 392 1276 hoc
407 1244 512 1277 breve.

231 1312 356 1344 Datum
378 1314 465 1355 apud
492 1312 751 1345 SWEYNESEYAM
776 1325 832 1355 per
854 1325 968 1345 manus
991 1313 1170 1345 cancellarii
1193 1313 1316 1345 nostri.
1342 1324 1434 1346 xum.
1459 1314 1510 1346 die
1533 1314 1615 1358 Maij
1643 1340 1650 1347 .

186 1392 270 1413 anno
286 1381 380 1424 regm'
396 1381 498 1424 Regis
513 1382 684 1414 Emvfflm
702 1382 933 1414 sextodecim0¹-

230 1449 360 1481 Virtute
391 1449 483 1491 cujus
513 1449 616 1482 brevis
646 1452 830 1492 preceptum
868 1450 931 1481 fuit
961 1449 1080 1482 ballivo
1109 1450 1195 1492 quod
1226 1453 1440 1482 summoueret
1469 1450 1649 1492 predictum

187 1517 412 1550 WILLELMUM
434 1519 519 1560 quod
542 1524 621 1550 esset
646 1519 687 1550 ad
709 1518 871 1560 prefatum
894 1518 1083 1550 comitatum
1105 1518 1281 1550 tenendum
1305 1519 1391 1560 apud
1414 1518 1584 1550 PENNARD
1599 1518 1653 1551 die

184 1585 285 1618 LUNE
303 1611 310 1617 .
327 1587 485 1618 tricesimo
508 1587 560 1618 die
583 1587 672 1619 Min
690 1612 697 1619 .
720 1597 805 1619 anno
828 1587 1017 1629 supradicto.
1074 1586 1130 1618 Ad
1153 1597 1248 1628 quem
1270 1587 1356 1619 diem
1378 1590 1485 1628 partes
1508 1587 1650 1629 predicte

186 1658 343 1686 venerunt
366 1657 397 1686 et
421 1655 460 1686 de
475 1655 607 1687 licencia
630 1655 811 1686 concordati
835 1658 910 1687 sunt
924 1654 983 1686 sub
1006 1654 1064 1686 hac
1088 1654 1200 1686 forma.
1247 1653 1374 1686 Scilicet
1389 1655 1474 1696 quod
1489 1655 1650 1697 predictus

185 1722 364 1755 Rommcs
401 1724 585 1766 recognovit
622 1723 764 1765 predicta
798 1726 981 1755 tenementa
1018 1734 1091 1755 cum
1128 1723 1330 1765 pertinentiis
1357 1734 1423 1755 esse
1458 1723 1513 1765 jus
1549 1723 1649 1765 ipsius

188 1790 375 1822 W1LLELM1
394 1816 399 1821 .
418 1793 455 1823 ut
469 1791 525 1822 illa
540 1803 602 1833 que
617 1791 703 1823 idem
719 1790 933 1823 WILLELMUS
948 1790 1045 1822 habet
1069 1791 1107 1822 de
1131 1791 1215 1822 dono
1237 1791 1371 1832 predicti
1395 1791 1557 1823 Romam.
1604 1791 1650 1823 Et

187 1870 245 1901 pro
275 1859 334 1891 hac
364 1859 580 1902 recognitione
609 1860 673 1891 fine
703 1862 735 1891 et
765 1859 930 1891 concordia
959 1859 1045 1891 idem
1075 1859 1290 1892 WILLELMUS
1319 1859 1472 1891 concessit
1499 1859 1651 1902 predictis

189 1927 348 1960 Rosssnro
378 1930 410 1960 et
440 1928 563 1960 Bonan
591 1954 597 1960 .
626 1939 728 1960 unum
757 1927 977 1960 molendinum
1009 1953 1016 1959 .
1048 1930 1081 1959 et
1109 1938 1212 1959 unum
1241 1927 1404 1970 gurgitem
1433 1927 1648 1969 predictorum

188 1999 445 2028 tenementorum
455 2006 527 2028 cum
537 1996 739 2039 pertinentiis
751 1998 783 2028 et
794 1996 850 2028 illa
862 1996 907 2028 eis
915 1996 1056 2028 reddidit
1071 1996 1105 2027 in
1121 1996 1232 2027 eodem
1248 1995 1409 2027 comitatu.
1449 1995 1649 2027 Habendum

188 2067 221 2096 et
245 2064 421 2096 tenendum
447 2064 566 2096 eisdem
596 2063 756 2096 Ronnnro
782 2067 814 2096 et
839 2063 962 2096 BURGE
989 2066 1021 2095 et
1044 2063 1214 2095 heredibus
1239 2063 1279 2095 de
1303 2062 1484 2105 corporibus
1507 2063 1649 2105 ipsorum

188 2132 360 2174 procreatis
377 2132 417 2164 de
437 2131 626 2174 capitalibus
646 2132 784 2164 dominis
806 2132 892 2164 feodi
915 2132 1002 2164 illius
1028 2142 1084 2174 per
1102 2131 1235 2163 servicia
1249 2142 1311 2173 que
1331 2131 1373 2163 ad
1391 2131 1448 2162 ffla
1467 2133 1650 2163 tenementa

188 2201 360 2243 pertinent.
406 2200 556 2232 Preterea
577 2201 663 2232 idem
686 2200 900 2234 WILLELMUS
923 2200 1074 2232 concessit
1096 2211 1153 2242 pro
1176 2211 1208 2231 se
1231 2202 1264 2231 et
1285 2199 1454 2232 heredibus
1476 2199 1541 2231 suis
1563 2200 1650 2241 quod

188 2280 290 2301 unum
307 2294 314 2300 .
331 2268 548 2311 messuagium
572 2269 737 2301 tresdecim
754 2294 761 2301 .
785 2280 855 2301 acre
878 2271 909 2300 et
932 2268 1066 2301 dimidia
1088 2270 1121 2300 et
1143 2279 1209 2300 una
1230 2268 1308 2300 roda
1329 2269 1412 2299 terre
1434 2267 1649 2309 predictorum
