1820 2548
1514 165 1574 197 721

801 324 977 358 DCLXII.

156 408 439 444 QUIT-CLAiM
494 407 559 440 BY
612 407 710 439 THE
757 406 883 439 SAME
937 405 1127 438 CECILIA
1183 404 1241 436 OF
1297 403 1420 435 PART
1478 403 1536 435 OF
1588 402 1622 434 A

266 476 540 509 CURTILAGE
567 475 621 508 IN
645 474 881 508 LANDOGH
909 474 965 507 ΤΟ
991 473 1195 507 WALTER
1222 472 1308 505 SON
1335 471 1393 504 OF
1417 470 1621 504 WALTER

264 545 419 577 PIKET.

651 586 755 629 [Anu.
784 586 957 623 omnum,
983 585 1129 627 24278]
1498 583 1574 614 SD.

202 668 310 701 Sciant
334 671 494 711 presentes
517 670 549 700 et
572 668 674 700 futuri
697 668 782 710 quod
805 679 865 710 ego
890 667 1028 699 Oneum
1052 667 1117 698 filia
1133 666 1341 698 Annxaxnm
1366 665 1405 697 de
1427 664 1622 696 LANDOGHE

155 738 286 769 vendidi
302 737 438 769 concessi
454 740 485 768 et
500 748 557 779 pro
572 748 624 768 me
640 739 672 768 et
687 747 744 778 pro
761 735 931 768 heredibus
946 736 1024 767 meis
1039 735 1184 777 quietum
1200 733 1334 766 olamavi
1349 736 1453 765 totum
1468 733 1521 774 jus
1537 733 1623 774 quod

157 805 256 838 habui
282 806 332 837 vel
358 805 474 837 habere
498 805 588 847 potui
615 804 721 846 aliqua
746 804 818 846 lege
842 803 892 835 vel
915 803 1039 835 ratione
1063 803 1097 834 in
1121 802 1214 834 tertia
1239 804 1329 844 parte
1354 800 1515 843 curtilagii
1539 800 1623 842 quod

157 874 364 906 ALEXANDM
388 874 523 916 predicti
538 873 638 915 patris
653 873 716 904 mei
739 872 802 904 fuit
819 873 853 904 in
869 872 946 904 villa
969 873 1009 903 (le
1025 871 1218 903 LANDOGHE
1241 870 1276 902 in
1294 874 1430 911 quatuor
1445 869 1525 900 acris
1540 872 1623 900 terre

158 942 287 975 arabilis
301 946 333 974 et
349 942 482 974 dimidia
497 953 567 974 acre
583 945 666 973 terre
681 941 715 972 in
732 952 796 972 uno
809 941 969 982 quarterio
986 940 1081 972 unius
1096 951 1166 971 acre
1182 938 1311 970 amabilis
1326 941 1357 970 et
1373 939 1406 969 in
1423 937 1518 969 tertia
1533 939 1623 978 parte

159 1013 255 1044 unius
292 1012 445 1054 quarterii
475 1011 572 1044 unius
602 1023 671 1043 acre
709 1011 794 1053 prati
825 1011 910 1052 quod
941 1010 1059 1041 scilicet
1089 1008 1286 1050 quarterium
1324 1008 1407 1049 prati
1446 1006 1508 1038 fuit
1548 1005 1625 1037 dicti

156 1080 363 1112 ALEXANnm
403 1090 474 1111 cum
512 1079 660 1112 omnibus
690 1079 892 1121 pertinentiis
930 1078 994 1109 suis
1024 1077 1200 1110 WALTERO
1235 1076 1365 1108 Pmnsr
1403 1075 1469 1107 filio
1506 1075 1624 1106 scilicet

156 1148 325 1182 WALTERI
342 1149 472 1180 PICHET
486 1160 543 1190 pro
559 1148 775 1190 quadraginta
792 1146 1141 1188 solidissterlingorum
1156 1145 1236 1177 mihi
1259 1143 1464 1186 premanibus
1486 1143 1622 1175 donatis.

159 1217 305 1252 Quarum
331 1228 396 1249 una
421 1217 555 1248 dimidia
578 1227 651 1248 acra
675 1216 760 1257 jacet
784 1215 850 1247 loco
874 1219 984 1247 vocato
1009 1215 1080 1247 V0T
1112 1224 1199 1245 LOND
1221 1214 1305 1245 inter
1329 1215 1446 1244 terram
1469 1211 1562 1243 Issm
1584 1211 1624 1243 de

158 1285 352 1318 LANDOGHE
375 1288 405 1317 et
438 1290 554 1317 terram
586 1285 792 1316 Amxnnm
817 1283 875 1315 filii
902 1283 1071 1314 MAumcn
1096 1283 1136 1314 de
1160 1281 1353 1314 LANDOGHE
1377 1281 1468 1323 cujus
1491 1279 1625 1312 dimidie

156 1366 228 1387 acra
251 1358 344 1396 caput
369 1354 522 1386 orientale
545 1353 730 1385 extenditur
753 1364 852 1394 usque
875 1353 916 1384 ad
939 1355 1057 1384 terram
1081 1351 1235 1383 Humum
1259 1351 1298 1382 de
1314 1350 1453 1382 ANGLIA
1474 1355 1503 1380 et
1528 1350 1623 1390 caput

154 1423 226 1465 ejus
241 1422 435 1454 occidentale
451 1421 635 1454 extenditur
650 1432 750 1462 usque
767 1421 808 1452 ad
824 1421 955 1452 feodum
971 1421 1010 1451 de
1027 1420 1260 1452 Dizmsr‘ost.
1308 1418 1352 1450 Et
1369 1419 1430 1450 due
1446 1421 1477 1449 et
1490 1417 1623 1448 dimidia

154 1503 224 1523 acre
239 1491 278 1523 de
294 1490 444 1532 predictis
459 1490 567 1532 jacent
584 1490 670 1532 apud
688 1489 905 1521 LANGHETON
917 1489 1002 1521 inter
1017 1492 1134 1520 teriam
1151 1499 1248 1529 quam
1264 1486 1356 1518 Issw
1372 1487 1411 1518 de
1428 1485 1622 1517 LANDOGHE

153 1560 266 1592 habuit
282 1560 454 1601 aliquando
472 1560 511 1591 ad
528 1560 653 1591 firmam
669 1560 709 1590 de
721 1570 772 1591 me
790 1571 829 1590 ex
841 1560 931 1601 parte
943 1569 1008 1590 una
1020 1561 1051 1589 et
1065 1562 1181 1589 terram
1194 1568 1288 1598 quam
1307 1556 1329 1588 J
1331 1566 1488 1587 OHANNES
1501 1555 1621 1587 Bnfflffl

158 1627 269 1660 habuit
290 1629 331 1660 ad
358 1629 481 1662 firmam
507 1628 546 1659 de
567 1639 627 1659 me.
676 1627 821 1662 Quarum
844 1630 939 1669 eaput
964 1626 1089 1659 boreale
1111 1626 1295 1657 extenditiu·
1315 1636 1415 1666 usque
1442 1624 1483 1656 ad
1503 1627 1620 1655 terram

156 1696 323 1728 WALTnm
350 1696 480 1727 Kvmx
511 1700 542 1728 et
570 1699 664 1737 caput
690 1696 828 1727 australe
849 1707 948 1737 usque
973 1696 1013 1726 ml
1033 1701 1151 1726 terram
1167 1694 1284 1725 scilicet
1306 1696 1434 1735 pratum
1458 1693 1619 1734 quondam

154 1764 360 1796 ALEXANDM
379 1766 409 1796 et
425 1776 489 1796 una
505 1764 640 1796 dimidia
662 1775 734 1796 acra
749 1764 834 1806 jacet
850 1764 934 1795 inter
949 1767 1067 1795 terram
1084 1762 1239 1794 anmm
1256 1761 1382 1794 Tuom:
1398 1764 1538 1803 exparte
1554 1772 1618 1792 una

153 1836 183 1864 et
207 1836 323 1864 terram
345 1843 441 1874 quam
455 1832 560 1865 dictus
583 1832 799 1864 ALEXANDER
815 1833 900 1864 filius
914 1832 1082 1864 ΜΑΓκῐσιι
1105 1835 1134 1862 et
1152 1830 1243 1862 Issm-
1258 1830 1439 1862 habuerunt
1456 1830 1495 1860 de
1510 1841 1561 1861 me
1577 1830 1617 1861 ad

152 1901 276 1932 firmani
292 1903 323 1932 et
339 1911 404 1931 una
419 1900 553 1931 dimidia
568 1911 640 1932 acra
654 1900 737 1942 jacet
755 1901 788 1932 in
807 1900 879 1933 Vor
896 1911 982 1932 LOND
998 1900 1082 1931 ium·
1097 1904 1215 1931 terram
1230 1899 1438 1930 ALEXANDRI
1455 1898 1617 1939 quondam

151 1972 182 2002 et
205 1973 322 2001 terram
339 1979 435 2010 quam
449 1968 552 2000 dictus
567 1968 787 2000 ALEXANDER
802 1969 887 2001 filius
902 1969 1070 2000 Mmmcn
1088 1972 1118 2000 et
1132 1967 1223 1999 IssAc
1238 1967 1420 1999 habuerunt
1437 1967 1479 1998 ad
1491 1967 1616 1998 firmam

151 2038 191 2070 de
206 2049 257 2069 me
273 2036 365 2078 cujus
381 2036 512 2067 dimidie
529 2047 599 2068 acre
615 2041 709 2078 caput
727 2037 879 2069 orientale
903 2037 1087 2068 extenditur
1102 2048 1201 2078 usque
1216 2037 1257 2067 ad
1273 2041 1390 2067 terram
1407 2035 1560 2067 Has-mm
1577 2035 1616 2066 de

150 2106 289 2138 ANGLIA
313 2109 343 2136 et
368 2107 464 2146 caput
487 2105 680 2136 occidentale
703 2116 803 2146 usque
826 2105 867 2136 ad
890 2107 1006 2136 terram
1029 2104 1203 2136 Joruxms
1225 2104 1264 2135 de
1287 2103 1481 2135 Lis-nomn:
1497 2106 1528 2134 et
1552 2113 1617 2134 una

150 2174 284 2206 dimidia
307 2184 379 2204 acra
402 2173 487 2215 jacet
510 2172 578 2204 loco
602 2173 767 2205 nominato
792 2173 995 2205 Monnwxcfl
1018 2172 1128 2205 S'rmn
1151 2173 1235 2204 inter
1255 2172 1354 2203 latam
1374 2172 1458 2203 viam
1474 2182 1537 2212 qua
1553 2171 1618 2202 itur

149 2243 189 2274 de
205 2241 344 2274 Kinmf
361 2246 439 2282 aput
458 2240 574 2273 Coo-Ax
592 2244 623 2273 et
640 2244 757 2274 terram
775 2242 888 2284 prioris
903 2242 1030 2274 ecclesie
1046 2241 1137 2273 beate
1153 2241 1274 2273 Mnus
1291 2240 1330 2272 de
1354 2239 1525 2271 Kuuunr.
1572 2239 1617 2270 Et

302 2347 356 2374 42)
