1820 2548
202 145 265 176 920

780 374 997 408 DCCOVIII.

168 456 330 489 GRANT
368 456 433 489 BY
470 456 658 489 LEYSAN
694 456 795 488 AND
840 455 1012 495 OWEIN,
1051 456 1163 489 SONS
1215 456 1274 488 OF
1316 456 1516 489 MORGAN
1555 457 1618 489 ΑΡ

268 525 462 564 CARDOO,
514 525 572 557 TO
626 524 835 557 MARGAM
885 524 1056 564 ABBEY,
1102 525 1161 556 OF
1205 525 1304 557 THE
1348 524 1515 558 MARSH
1559 525 1620 558 OF

270 593 444 631 AVENE,
499 592 715 625 PASTURE
769 592 823 624 IN
875 592 974 624 THE
1023 592 1206 625 BERGES
1258 592 1320 625 ΟΒ
1373 592 1618 634 BURROWS,

267 661 375 701 ETG„
414 660 547 694 WITH
597 660 803 693 PROMISE
850 660 908 693 OF
960 660 1264 700 PROTEOTION,
1312 660 1413 693 AND
1465 660 1619 695 THEIR

268 729 438 762 BODIES
476 728 534 761 ΤΟ
573 728 634 761 ΒΕ
672 728 857 761 BURIED
895 728 948 760 IN
986 728 1085 761 THE
1123 728 1293 761 ABBEY.

696 809 868 852 [MARGAM
891 809 1083 852 Cutina-Em]

203 891 360 924 Omnibus
375 891 490 924 Sancte
507 891 633 923 ecclesie
649 891 723 923 filiis
738 890 937 933 presentibus
952 893 984 923 et
999 890 1117 923 futuris
1132 890 1310 923 LEYSANL‘S
1329 891 1414 924 filius
1430 891 1596 924 MoRGANl
1609 917 1616 924 .

157 964 190 993 et
206 960 328 993 Ownm
345 960 445 992 frater
460 971 535 992 suus
551 960 696 992 salutem.

200 1028 313 1061 Sciatis
334 1040 391 1060 nos
415 1029 599 1060 concessisse
617 1055 622 1060 .
641 1032 671 1060 et
696 1029 819 1060 dedisse
845 1054 850 1059 .
875 1031 907 1060 et
927 1028 986 1060 hac
1007 1030 1093 1060 carta
1116 1028 1314 1060 confirmasse
1331 1054 1337 1061 .
1355 1029 1426 1061 Deo
1442 1030 1474 1060 et
1492 1028 1620 1062 ecclesie

159 1096 275 1130 Sancte
291 1097 411 1129 MARu:
434 1097 474 1129 de
497 1096 651 1129 MARGAN
674 1099 705 1129 et
728 1096 892 1129 monachis
913 1096 1032 1128 ibidem
1048 1096 1117 1128 Deo
1140 1096 1349 1129 servientibus
1371 1097 1405 1128 in
1427 1099 1617 1139 perpetuam

160 1165 364 1198 elemosinam
387 1168 492 1197 totum
515 1165 684 1197 mariscum
707 1166 763 1207 qm·
784 1165 870 1208 jacet
884 1165 968 1197 inter
983 1165 1144 1197 WALLUM
1160 1165 1359 1197 AJNGLORUM
1376 1191 1382 1197 .
1400 1167 1433 1197 et
1447 1176 1564 1207 aquam
1579 1165 1619 1198 de

160 1233 286 1266 AVENE
299 1260 305 1266 .
323 1237 355 1266 et
370 1234 454 1266 inter
463 1245 579 1276 aquam
591 1235 630 1266 de
642 1234 768 1266 Avnmz
780 1237 811 1266 et
824 1234 961 1266 Bmfflns
971 1234 1011 1265 ad
1022 1233 1235 1265 claudendum
1244 1233 1362 1265 fossato
1374 1259 1380 1265 .
1394 1236 1426 1266 et
1436 1233 1619 1266 faciendum

159 1302 234 1334 inde
247 1303 398 1344 quicquid
409 1303 567 1334 voluerint
582 1328 588 1334 .
602 1306 634 1334 et
644 1302 827 1335 habendum
840 1305 872 1334 et
882 1303 1058 1334 tenendum
1069 1301 1167 1334 libere
1179 1304 1211 1334 et
1223 1302 1329 1343 quiete
1340 1301 1381 1333 ab
1391 1302 1479 1334 omni
1488 1302 1621 1335 seculari

161 1371 288 1403 servitio
306 1396 312 1402 .
331 1371 558 1403 consuetudine
576 1397 582 1402 .
600 1373 631 1403 et
653 1371 817 1403 exactione
833 1371 913 1403 sicut
933 1370 1000 1402 ulla
1022 1370 1194 1402 elemosina
1216 1370 1347 1402 liberius
1369 1370 1471 1402 teneri
1490 1374 1595 1413 potest
1612 1397 1619 1403 .

161 1439 323 1471 reddendo
345 1439 514 1471 annuatim
535 1439 732 1472 solummodo
750 1465 756 1471 .
774 1439 941 1472 dimidiam
959 1462 965 1469 .
981 1450 1120 1470 marcam
1137 1464 1142 1470 .
1161 1438 1286 1481 argenti
1308 1439 1349 1470 ad
1370 1438 1488 1470 festum
1511 1438 1621 1472 Sancti

161 1507 356 1540 chfflssms
369 1533 375 1539 .
393 1511 424 1540 et
440 1508 559 1540 facient
574 1510 705 1550 pontem
720 1508 806 1540 ultra
820 1508 945 1540 Anam:
960 1507 1141 1549 ubicunque
1154 1506 1312 1539 voluerint
1325 1532 1331 1538 .
1346 1506 1430 1538 inter
1445 1507 1620 1549 prediotam

161 1576 331 1608 mariscum
347 1578 379 1608 et
394 1580 512 1608 terram
528 1588 618 1609 suam
634 1577 673 1609 de
692 1577 826 1609 Avmm.
874 1577 1021 1608 Preterea
1044 1575 1232 1607 donavimus
1255 1577 1286 1607 et
1308 1575 1564 1608 confirmavimus
1586 1576 1621 1609 in

162 1644 367 1676 elemosinam
390 1645 540 1686 predictis
562 1645 725 1677 monachis
747 1648 849 1677 totam
883 1647 1046 1687 pasturam
1076 1645 1116 1676 de
1147 1644 1283 1676 BERGES
1309 1645 1348 1676 de
1373 1644 1497 1676 AVENE
1524 1655 1621 1686 quam

163 1715 336 1744 tenuerunt
359 1715 500 1754 tempore
523 1713 622 1755 patris
645 1714 745 1745 nostri
769 1739 775 1745 .
800 1713 961 1745 reddendo
985 1713 1059 1744 inde
1089 1712 1257 1744 annuatim
1285 1737 1291 1744 .
1321 1723 1375 1744 xx.
1403 1737 1409 1744 .
1435 1713 1552 1746 solidos
1581 1714 1623 1746 ad

164 1780 283 1812 festum
298 1780 408 1813 Sancti
423 1781 627 1813 Mmmms.
674 1781 719 1813 Et
734 1781 793 1813 hec
808 1781 914 1813 omnia
929 1780 1207 1812 warantizabimus
1222 1780 1267 1812 eis
1282 1780 1316 1811 in
1332 1783 1531 1822 perpetuum.
1576 1780 1623 1814 Et

165 1849 292 1891 quando
317 1849 451 1881 fecinius
478 1850 522 1881 eis
546 1850 628 1882 hanc
654 1850 860 1882 donationem
884 1849 1018 1891 predicti
1043 1848 1191 1880 monachi
1215 1849 1374 1880 dederunt
1395 1848 1487 1881 nobis
1510 1873 1517 1880 .
1542 1859 1594 1881 Lx.
1613 1874 1620 1882 .

163 1917 279 1949 solidos
301 1917 437 1959 argenti.
483 1917 529 1949 Et
551 1929 608 1950 nos
631 1917 825 1959 suscepimus
849 1918 979 1949 domum
1003 1917 1043 1948 de
1068 1916 1223 1948 MARGAN
1251 1941 1258 1948 .
1286 1916 1430 1948 homines
1451 1918 1483 1948 et
1507 1916 1622 1949 catalla

163 1996 272 2017 eorum
288 1986 328 2016 ad
345 1986 581 2028 protegendum
598 2012 603 2017 .
622 1986 796 2018 fovendum
814 2010 821 2017 .
838 1988 869 2017 et
884 1985 1159 2017 manutenendum
1177 2009 1182 2016 .
1200 1995 1257 2026 pro
1280 1995 1369 2026 posse
1390 1987 1497 2016 nostro
1512 1986 1622 2017 contra

165 2064 273 2085 omnes
296 2053 440 2085 homines
468 2080 473 2085 .
499 2058 529 2085 et
554 2054 700 2086 dedimus
722 2054 863 2096 predicte
885 2053 994 2085 domui
1017 2064 1146 2094 corpora
1168 2054 1276 2084 nostra
1306 2052 1346 2084 ad
1370 2052 1587 2094 sepeliendum
1611 2077 1618 2084 .

163 2121 416 2163 quandocunque
431 2133 488 2153 nos
503 2122 583 2154 mori
600 2122 769 2165 contigerit
786 2147 792 2153 .
812 2121 887 2154 Hiis
902 2120 1045 2153 testibus.
