1820 2548
201 181 264 213 976

156 338 190 370 in
206 338 266 370 ista
282 337 409 379 querela
425 347 531 368 versus
547 335 713 367 dominum
729 333 855 376 Regem
870 344 967 375 quam
981 333 1016 364 in
1032 331 1103 364 aliis
1119 331 1253 374 querelis
1269 330 1415 363 omnibus
1430 333 1462 363 et
1477 330 1613 374 singulis

155 417 262 438 versus
284 405 389 448 ipsum
413 404 637 438 W1LLELMUM
660 402 753 434 factis
775 413 830 444 per
854 401 992 433 diversos
1021 400 1165 432 homines
1194 400 1233 431 de
1257 398 1386 431 Gowna
1408 401 1503 441 prout
1524 401 1614 441 patet

155 485 211 517 per
225 474 342 516 placita
357 474 391 505 in
406 472 511 505 rotulo
527 472 589 503 alio
606 471 658 503 isti
674 470 778 502 rotulo
795 480 933 512 appenso
956 471 1104 501 contenta
1126 468 1217 511 ponit
1238 468 1306 499 loeo
1330 479 1386 500 suo
1411 467 1614 500 Gmrrmtm

155 554 196 585 ap
211 542 367 574 MENRYK
387 542 451 583 (sic)
470 541 511 572 ad
528 540 656 572 GoxOER
671 542 702 571 et
720 538 873 571 Tamum
889 537 1048 573 QUINTYN
1069 537 1110 568 ad
1131 536 1320 568 lucrandum
1342 535 1393 568 vel
1415 536 1613 578 perdendum

156 612 190 643 in
206 611 324 643 eisdem
339 609 485 652 querelis,
501 612 559 641 ete.

748 650 784 677 (1)
798 649 883 671 Added
896 649 928 677 by
940 648 1028 677 Ryley.

775 840 987 874 DCCCXLI.

154 926 279 960 JOHN
333 925 396 958 DE
445 923 713 962 BONEVYLE,
761 922 848 954 SON
896 921 999 954 AND
1052 920 1174 953 HEIR
1224 920 1282 952 OF
1330 919 1502 952 HENRY
1549 919 1614 952 DE

264 992 520 1026 BONEVYLE
543 991 602 1024 OF
625 989 1044 1029 BONEVYLESTONE,
1064 988 1303 1021 RELEASES
1326 988 1383 1020 ΤΟ
1407 987 1614 1021 MARGAM

262 1061 424 1094 ABBEY
451 1060 519 1092 AN
543 1057 839 1092 ABATEMENT
870 1057 929 1090 OF
956 1056 1212 1089 FOURTEEN
1239 1055 1493 1088 SHILLINGS
1520 1055 1615 1088 OUT

266 1130 324 1163 OF
363 1128 520 1162 FORTY
561 1126 816 1160 SHILLINGS
855 1126 956 1159 DUE
995 1125 1053 1158 TO
1099 1124 1205 1165 HIM,
1251 1124 1305 1157 IN
1350 1123 1614 1157 EXGHANGE

263 1198 356 1231 FOR
401 1198 434 1229 A
478 1195 678 1229 SIMILAR
730 1194 829 1227 SUM
873 1193 973 1226 DUE
1026 1193 1118 1225 FOR
1169 1194 1201 1224 A
1246 1191 1509 1224 TENEMEN'P
1560 1191 1614 1224 IN

267 1265 473 1304 BRISTOL,
519 1264 577 1297 ΤΟ
625 1262 867 1296 REYMUND
912 1261 975 1293 DE
1021 1261 1186 1303 SULYE,
1225 1260 1337 1293 WHO
1382 1260 1436 1292 IN
1481 1259 1614 1293 TURN

265 1333 507 1366 ENFEOFFS
553 1332 650 1365 THE
703 1330 813 1363 SAID
866 1329 992 1362 JOHN
1039 1329 1098 1362 OF
1141 1330 1174 1361 A
1222 1328 1615 1361 CORRESPONDING

266 1402 394 1435 RENT
424 1401 478 1433 IN
509 1399 745 1438 HOLETON,
777 1398 830 1430 IN
861 1397 1004 1430 DENIS
1035 1397 1192 1430 POWIS.

612 1480 743 1524 [HARL.
769 1479 943 1518 ΟΗΑΒΤΕΒ,
967 1479 1008 1510 75
1032 1478 1071 1510 Β.
1095 1476 1165 1520 22]

1104 1545 1321 1578 MIDSUMMER
1343 1545 1429 1577 Du.
1478 1545 1570 1577 1302.

203 1633 371 1665 Universis
401 1631 541 1663 Cnmsn
566 1630 713 1662 fidelibus
737 1629 778 1661 ad
803 1639 880 1670 quos
906 1639 1033 1670 presens
1057 1627 1209 1669 scriptum
1233 1626 1412 1668 pervenerit
1434 1625 1456 1658 J
1459 1635 1615 1657 OHANNES

159 1703 199 1734 de
231 1701 417 1733 BoxEvYLE
447 1699 531 1731 filius
561 1700 593 1730 et
623 1698 713 1729 heres
744 1696 897 1728 HENRICI
928 1696 967 1728 de
998 1695 1182 1727 Bomvmz
1213 1695 1253 1727 de
1283 1694 1550 1726 BONEVYLESTON
1580 1692 1615 1724 in

160 1769 372 1803 GLAMORGAN
414 1767 549 1799 salutem
586 1766 621 1797 in
658 1765 787 1798 domino
826 1764 1059 1806 sempiternam.
1119 1763 1283 1796 Noveritis
1318 1774 1369 1794 me
1399 1761 1553 1794 dimisisse
1583 1763 1615 1793 et

162 1838 306 1881 quietum
344 1836 492 1867 clamasse
529 1846 586 1876 pro
616 1845 667 1865 me
698 1836 729 1865 et
763 1832 931 1865 heredibus
961 1832 1039 1864 meis
1068 1831 1133 1864 sive
1163 1831 1332 1872 assignatis
1361 1830 1395 1862 in
1425 1831 1615 1872 perpetuum

163 1906 272 1939 abbati
295 1903 478 1936 monasterii
504 1902 595 1935 beate
621 1902 741 1934 Minus
771 1902 810 1933 de
837 1901 990 1932 MARGAN
1015 1902 1047 1932 et
1076 1900 1220 1942 ejusdem
1249 1899 1310 1931 loci
1339 1898 1508 1931 conventui
1539 1908 1616 1940 qun.-

162 1973 336 2007 tuordecim
363 1972 478 2004 solidos
504 1970 731 2013 sterlingorum
761 1970 800 2001 de
829 1969 893 2000 illis
918 1968 1131 2011 quadraginta
1161 1968 1269 2000 solidis
1294 1967 1395 1999 annui
1415 1967 1559 1998 redditus
1580 1965 1615 1998 in

163 2043 278 2086 quibus
304 2041 384 2073 mihi
411 2040 487 2072 dieti
513 2039 611 2071 abbas
640 2042 672 2071 et
703 2042 876 2070 conventus
901 2037 1092 2069 tenebantur
1115 2038 1156 2068 ad
1180 2037 1298 2069 festum
1326 2035 1412 2068 beati
1441 2035 1464 2068 J
1465 2044 1615 2067 omnms

164 2112 332 2145 Bunsn:
362 2108 538 2141 annuatim.
584 2107 638 2139 Ita
668 2107 753 2148 quod
783 2118 840 2138 nec
870 2117 929 2148 ego
959 2117 1016 2137 nee
1045 2105 1161 2147 aliquis
1189 2105 1343 2136 heredum
1379 2115 1521 2136 meorum
1550 2103 1616 2135 sive

165 2180 399 2222 assignatorum
422 2176 544 2218 aliquid
565 2175 647 2217 juris
671 2174 722 2206 vel
742 2174 848 2206 elamii
864 2179 920 2206 aut
935 2173 1114 2216 calumpnie
1130 2173 1163 2205 in
1178 2173 1242 2205 illis
1258 2172 1495 2215 quatuordeeim
1510 2171 1618 2204 solidis

165 2247 264 2280 annui
300 2245 444 2278 redditus
481 2242 709 2285 prenominatis
745 2243 887 2274 deeetero
926 2241 1032 2283 aliquo
1064 2241 1159 2273 modo
1188 2240 1361 2282 poterimus
1390 2239 1556 2272 vendicare
1583 2239 1619 2271 in
