1820 2548
1522 201 1606 233 1167

184 361 330 404 predicta
349 360 488 392 defuisse
510 360 592 392 sicut
615 359 793 402 predictum
813 362 859 392 est
882 362 960 392 tunc
984 371 1039 392 vos
1061 363 1126 391 tres
1148 360 1198 392 vel
1223 360 1287 391 duo
1312 362 1452 391 vestrum
1468 358 1501 390 in
1526 358 1654 400 loquela

188 429 244 462 illa
269 428 447 471 procedatis
473 431 505 461 et
531 427 677 470 partibus
698 428 774 460 inde
798 428 928 470 plenam
953 428 1117 470 justiciam
1146 427 1272 460 faciatis
1301 428 1477 459 seeundum
1506 427 1593 469 leges
1623 429 1655 458 et

187 497 434 530 consuetudines
449 497 647 539 supradictas
662 496 696 528 in
712 497 816 529 forma
831 497 982 539 predicta.

233 567 277 599 Ei
302 567 329 599 si
355 567 464 599 forsan
490 567 532 598 ad
558 565 802 608 inquisicionem
829 566 932 608 patrie
955 566 990 598 in
1015 566 1142 608 loquela¹
1165 566 1223 598 illa
1245 566 1434 608 capiendam
1459 565 1557 597 fuerit
1584 576 1656 607 pro-

190 636 369 668 cedendum
398 638 431 667 et
461 635 630 678 inquisicio
660 635 717 667 illa
746 646 803 677 per
832 635 978 667 homines
1007 636 1047 667 de
1078 635 1165 668 dicta
1194 638 1280 667 terra
1306 635 1346 666 de
1373 634 1504 667 Gowm
1530 636 1660 676 propter

192 705 393 747 calumpnias
415 704 620 737 rationabiles
641 704 784 746 partium
806 704 876 746 capi
899 704 1107 746 nequiverint
1128 707 1206 737 tunc
1224 704 1470 746 inquisicionem
1492 703 1582 734 illam
1604 713 1662 745 per

192 779 428 806 sacramentum
456 773 627 815 proborum
658 776 691 805 et
720 773 876 815 legalium
907 773 1076 805 hominum
1106 773 1145 805 de
1183 772 1328 815 partibus
1365 772 1478 804 vicinis
1515 771 1662 803 videlicet

193 842 234 874 de
265 842 418 874 comitatu
450 841 715 874 KAERMERDYON
747 845 779 873 et
809 842 1005 874 senescalciis
1040 845 1199 874 terrarum
1229 843 1269 874 de
1300 841 1439 874 CANTRE
1469 841 1601 873 MAURE
1633 843 1665 872 et

194 910 374 943 ommam
407 922 443 942 ac
473 914 558 942 terra
587 911 627 942 de
655 910 872 942 GLAMORGAN
903 911 1036 952 capiatis
1065 910 1183 943 facturi
1212 911 1288 942 inde
1315 911 1401 952 quod
1432 910 1474 941 ad
1503 909 1666 952 justiciam

193 979 335 1021 pertinet
365 979 541 1011 seeundum
571 979 658 1021 leges
695 982 726 1010 et
764 979 1010 1011 consuetudines
1047 979 1190 1021 partium
1227 978 1443 1021 predictarum
1481 978 1577 1010 salvis
1607 980 1664 1009 etc.

197 1047 422 1079 mandavimus
445 1047 530 1078 enim
554 1047 688 1089 prefatis
704 1047 858 1079 RICARDO
881 1050 913 1079 et
929 1047 1045 1079 ΑΙᾸΝΕ
1061 1048 1111 1089 vel
1127 1058 1237 1079 eorum
1252 1048 1321 1079 loco
1336 1046 1461 1078 tenenti
1476 1046 1510 1078 in
1526 1046 1668 1088 predicta

195 1117 281 1148 terra
302 1116 340 1147 de
363 1115 517 1148 Gonwmz
534 1116 620 1158 quod
641 1116 701 1158 ipsi
719 1117 759 1148 ad
781 1119 882 1148 certos
900 1116 967 1148 dies
983 1119 1015 1148 et
1033 1116 1101 1148 loca
1123 1127 1203 1158 quos
1218 1127 1273 1148 vos
1295 1120 1358 1148 tres
1375 1115 1426 1147 vel
1449 1116 1513 1147 duo
1530 1120 1673 1146 vestrum

195 1183 241 1216 eis
256 1184 333 1216 scire
357 1184 482 1216 faciatis
497 1184 641 1216 exhiberi
665 1185 784 1216 faciant
800 1196 905 1217 coram
922 1184 1011 1216 vobis
1033 1184 1136 1216 tribus
1161 1184 1211 1216 vel
1227 1183 1352 1216 duobus
1366 1186 1507 1216 vestrum
1529 1183 1563 1215 in
1587 1183 1671 1215 dicta

198 1253 288 1285 ouria
309 1253 476 1285 recordum
499 1258 532 1285 et
554 1265 733 1295 processum
756 1253 881 1295 loquele
904 1254 1044 1296 predicte
1068 1253 1320 1285 examinandum
1343 1253 1377 1284 in
1400 1252 1505 1284 forma
1528 1252 1671 1293 predicta

198 1324 231 1353 et
246 1321 335 1354 vobis
351 1321 454 1353 tribus
463 1322 513 1353 vel
530 1321 654 1354 duobus
670 1324 811 1354 vestrum
827 1322 962 1354 ulterius
977 1322 1012 1354 in
1028 1323 1140 1354 eadem
1156 1322 1283 1364 loquela
1299 1324 1435 1364 pareant
1450 1323 1481 1352 et
1497 1320 1669 1352 intendant

202 1392 234 1421 et
256 1390 375 1422 eisdem
400 1391 485 1432 quod
508 1390 569 1432 ipsi
594 1391 633 1422 de
657 1391 800 1433 predicta
824 1393 909 1423 terra
934 1392 973 1423 de
1001 1391 1154 1423 Gomvmz
1190 1402 1314 1423 necnon
1350 1390 1533 1422 vicecomite
1566 1391 1672 1421 nostro

202 1458 372 1489 comitatus
396 1458 531 1500 predicti
559 1459 644 1500 quod
671 1458 738 1500 ipse
766 1459 805 1491 de
831 1459 984 1491 comitatu
1007 1459 1149 1502 predicto
1172 1462 1204 1491 et
1227 1459 1407 1491 senescallis
1428 1458 1545 1490 nostris
1567 1468 1671 1489 senes-

202 1525 372 1558 calciarum
388 1526 603 1568 predictarum
616 1528 701 1568 quod
717 1527 777 1569 ipsi
794 1527 833 1559 de
849 1527 1058 1559 senescalloiis
1074 1528 1224 1570 predictis
1236 1539 1271 1559 ac
1284 1527 1400 1559 dilecto
1413 1529 1444 1559 et
1461 1526 1548 1558 fideli
1564 1528 1672 1557 nostro

201 1593 397 1626 W1L11E1310
413 1595 445 1625 la
467 1595 606 1626 Zommz
630 1595 761 1627 domino
783 1597 822 1628 de
847 1595 1063 1628 GLAMORGAN
1088 1597 1173 1638 quod
1196 1597 1263 1639 ipse
1286 1597 1326 1628 cle
1349 1596 1434 1628 dicta
1457 1599 1540 1627 terra
1564 1595 1671 1626 venire

200 1662 298 1695 faciat
309 1674 414 1694 coram
427 1662 516 1695 vobis
531 1663 634 1696 tribus
650 1664 700 1696 vel
717 1664 841 1697 duobus
853 1668 992 1697 vestrum
1009 1668 1056 1697 tot
1073 1669 1131 1698 etc.
1149 1666 1269 1708 legales
1283 1665 1429 1697 homines
1445 1676 1501 1706 per
1514 1675 1593 1706 quos
1609 1666 1667 1695 etc.

200 1734 233 1764 et
248 1732 377 1774 inquiri.
425 1731 467 1764 In
483 1732 576 1774 eujus
591 1736 649 1764 etc.

245 1799 340 1832 Teste
357 1799 448 1843 Rege
465 1801 551 1842 apud
567 1800 755 1833 WALTHAM
772 1801 888 1835 Sancto
905 1802 1015 1835 Crucis
1031 1814 1127 1835 xxm.
1145 1804 1196 1835 die
1212 1803 1233 1836 J
1236 1803 1370 1835 anum—ii.

694 1869 757 1902 Per
772 1871 962 1913 peticionem
979 1872 1018 1904 de
1034 1872 1173 1904 consilio.
