1820 2548
242 181 304 211 786

829 331 1017 365 DCCXIX.

195 416 356 449 GRANT
385 415 448 448 BY
473 414 666 447 THOMAS
692 413 937 452 GRAMMUS‚
966 412 1097 446 WITH
1127 412 1337 445 CONSENT
1369 413 1428 445 OF
1458 413 1652 446 YSEUDA

304 484 384 517 HIS
423 484 559 523 WIFE,
598 483 657 516 OF
703 483 832 515 LAND
877 482 940 514 AT
977 481 1309 519 GRETEHULLR
1348 482 1405 514 ΤΟ
1443 481 1650 514 MARGAM

303 553 472 586 ABBEY.

731 595 904 638 [MARGAM
928 594 1119 637 Cautum]

236 678 344 710 Sciant
362 681 418 709 etc.
444 688 504 720 ego
527 676 669 709 Tuoms
685 676 857 709 GRAMMUS
880 675 1010 707 oonsilio
1034 678 1066 708 et
1089 687 1217 708 assensu
1240 675 1380 708 YSEUDE
1404 676 1511 708 uxoris
1534 686 1602 708 mec
1618 678 1650 707 et

192 747 344 779 heredum
367 756 510 777 meorum
533 745 607 777 dedi
630 748 663 776 et
685 744 821 776 concessi
844 747 876 776 et
898 744 956 776 hac
972 744 1110 786 presenti
1129 748 1216 776 carta
1231 755 1302 776 mea
1317 744 1502 776 confirmavi
1524 744 1594 776 Deo
1617 747 1649 777 et

192 814 231 846 B.
250 814 294 846 M.
313 818 345 845 et
360 825 402 845 ec.
421 814 459 845 de
476 813 522 845 M.
540 816 571 844 et
587 824 627 844 m.
645 813 665 845 i.
684 812 726 844 D.
749 824 771 844 s.
790 813 823 844 in
847 823 958 854 puram
981 815 1013 844 et
1034 815 1220 855 perpetuam
1242 812 1446 844 elemosinam
1470 823 1525 854 pro
1548 813 1650 844 salute

191 883 296 914 anime
313 893 380 914 mee
398 885 429 913 et
444 884 676 913 antecessorum
691 883 723 912 et
740 891 950 912 successorum
966 892 1108 913 meorum
1124 881 1204 912 duas
1219 891 1306 912 acras
1321 883 1403 913 terre
1418 880 1547 913 arabilis
1564 906 1570 912 .
1588 892 1648 923 que

189 952 295 993 jacent
312 962 405 992 super
422 950 654 981 GRn'rEthLE
670 949 764 991 juxta
779 952 896 980 terram
918 949 1131 991 predictorum
1154 948 1380 980 monachorum
1396 960 1434 980 ex
1459 953 1548 990 parte
1571 949 1649 981 occi-

190 1019 311 1051 dentali
329 1045 334 1049 .
354 1022 383 1049 et
408 1029 439 1049 se
461 1018 640 1049 extendunt
663 1017 697 1049 in
720 1017 854 1059 longum
876 1017 910 1048 in
926 1020 1015 1059 parte
1038 1018 1215 1059 aquilonari
1239 1029 1257 1049 a
1272 1020 1363 1060 prato
1379 1029 1448 1049 meo
1464 1019 1548 1060 quod
1563 1019 1648 1061 jacet

188 1088 283 1129 juxta
307 1086 470 1118 Gox'LAKE
494 1097 593 1128 usque
615 1088 733 1117 terram
756 1085 925 1118 WALTERI
949 1085 1065 1117 Loum.
1088 1097 1195 1118 versus
1217 1088 1340 1127 partem
1362 1086 1542 1118 australem.
1603 1087 1649 1119 Et

189 1156 352 1189 continent
369 1155 402 1187 in
420 1155 590 1187 latitudine
608 1154 822 1196 quantitatem
846 1155 954 1186 decem
977 1154 1139 1196 virgarum
1160 1180 1165 1185 .
1183 1166 1255 1185 cum
1279 1153 1426 1186 omnibus
1448 1154 1649 1188 libertatibus

189 1229 221 1257 et
236 1224 343 1256 liberis
359 1222 641 1255 consuetudinibus
656 1223 736 1254 siout
753 1222 818 1254 ulla
828 1223 998 1254 elemosina
1010 1223 1138 1254 liberius
1154 1226 1186 1254 et
1202 1223 1315 1254 melius
1330 1223 1399 1254 dari
1415 1226 1526 1264 potest.
1574 1223 1647 1266 Ego

189 1293 331 1325 'raonis
355 1292 527 1324 GRAMMUS
550 1294 581 1323 et
604 1291 734 1323 heredes
756 1291 819 1323 mei
842 1291 1017 1332 predictam
1039 1293 1156 1322 terram
1179 1290 1329 1332 predictis
1352 1290 1514 1323 monachis
1537 1294 1646 1323 contra

189 1373 297 1393 omnes
326 1361 476 1392 mortales
505 1361 537 1391 in
567 1363 756 1402 perpetuum
787 1358 1072 1391 warantizabimus.
1134 1358 1179 1390 Et
1210 1362 1246 1389 ut
1276 1358 1332 1390 hec
1361 1369 1432 1390 mea
1461 1359 1593 1391 donacio
1616 1362 1647 1391 et

190 1430 344 1461 concessio
367 1429 459 1460 firma
481 1431 513 1460 et
535 1428 769 1470 imperpetuum
792 1427 915 1459 stabilis
937 1429 1121 1469 permaneat
1145 1453 1150 1458 .
1176 1427 1299 1468 prefato
1322 1427 1438 1469 scripto
1461 1427 1559 1469 sigilli
1582 1428 1644 1459 mei

189 1498 427 1540 impressionem
458 1496 599 1538 apposui.
661 1496 738 1527 Hiis
767 1495 901 1528 testibus
932 1521 938 1527 .
971 1495 1139 1527 Pmupro
1169 1494 1208 1526 de
1239 1493 1397 1526 CORNELY
1422 1520 1428 1526 .
1455 1493 1647 1527 Wmssmo

190 1566 427 1598 Fun-mmm
454 1591 459 1596 .
485 1564 660 1596 Mmmcm
677 1563 848 1596 GRAMMUS
866 1589 872 1594 .
890 1563 1015 1595 Tuom
1032 1562 1205 1595 WALENSE
1232 1587 1238 1593 .
1263 1562 1379 1594 DAvm
1396 1562 1575 1594 WASMEYR
1592 1588 1598 1594 .
1616 1569 1646 1594 et

189 1635 300 1666 multis
315 1634 394 1665 aliis.

233 1702 453 1734 Endorsed——‘
467 1701 563 1733 Carta
579 1700 700 1732 Thome
717 1699 909 1732 Grammus)

296 1871 309 1896 v
837 1867 1006 1900 DCOXX.

190 1950 472 1987 QUIT-OLAIM
493 1950 557 1982 BY
581 1948 772 1982 THOMAS
797 1947 1040 1987 GRAMMUS,
1066 1947 1197 1980 WITH
1221 1946 1398 1980 ASSENT
1417 1947 1475 1979 OF
1496 1945 1646 1979 YSOTA

275 2019 356 2051 HIS
388 2018 523 2057 WIF'E,
555 2018 614 2049 OF
645 2017 848 2049 ANNUAL
878 2016 1029 2048 RENTS
1060 2016 1117 2048 ΤΟ
1149 2015 1356 2048 MARGAM
1386 2014 1557 2047 ABBEY.

698 2142 704 2147 Α
723 2097 895 2140 [MARGAM
921 2096 1113 2139 CHARTER]

229 2181 337 2213 Sciant
354 2182 514 2222 presentes
529 2184 559 2211 et
577 2180 679 2211 futuri
695 2180 780 2221 quod
801 2190 860 2221 ego
876 2178 1018 2211 Tuoms
1035 2177 1178 2210 Gnmns
1197 2177 1327 2209 consilio
1342 2179 1374 2208 et
1389 2187 1518 2208 assensu
1532 2174 1644 2206 Ysorn

186 2250 294 2281 uxoris
309 2260 378 2281 mee
394 2252 425 2280 et
442 2248 594 2280 heredum
609 2259 752 2280 meorum
767 2247 907 2279 relaxavi
923 2249 955 2279 et
976 2246 1103 2289 quitum
1118 2245 1252 2278 clamavi
1268 2244 1309 2277 D.
1327 2247 1360 2277 et
1374 2244 1413 2276 B.
1432 2243 1478 2275 M.
1496 2243 1535 2275 de
1551 2241 1597 2274 M.
1614 2244 1647 2275 et
