1820 2548
1484 183 1546 214 783

173 341 309 374 Noverit
337 341 526 373 universitas
556 344 661 372 vestra
691 351 742 372 me
771 340 811 372 de
841 351 995 371 consensu
1025 339 1179 371 heredum
1210 350 1353 371 meorum
1377 340 1532 371 remisisse
1559 344 1590 371 et

129 411 275 453 quietum
298 410 448 442 clamasse
471 409 615 441 HUGONI
639 409 732 440 fratri
754 419 825 440 meo
848 410 952 440 totum
971 408 1024 450 jus
1040 409 1126 450 quod
1140 407 1239 440 habui
1256 408 1305 440 vel
1321 407 1436 440 habere
1452 408 1542 450 potui
1557 409 1591 440 in

129 482 247 512 terram
269 479 359 510 illam
382 489 479 520 quam
502 480 592 520 pater
607 488 697 509 meus
719 477 809 509 dedit
825 476 965 508 Romano
982 476 1147 508 PALMERO
1163 476 1256 508 fratri
1272 487 1342 508 meo
1360 501 1366 508 .
1385 487 1446 518 que
1462 476 1592 518 quidem

129 551 214 580 terra
235 548 319 590 jacet
341 547 425 579 inter
447 549 565 579 terram
588 558 649 588 que
672 545 737 577 fuit
759 545 837 578 Am:
860 546 1004 578 ALBERD
1029 570 1035 577 .
1060 547 1093 577 et
1108 548 1225 577 terram
1249 557 1308 587 que
1333 546 1395 577 fm't
1419 545 1441 577 J
1443 556 1593 577 OHANNxs

130 616 308 649 sacerdotis
355 614 554 647 Habendmn
570 617 601 646 et
617 615 794 646 tenendum
809 614 875 656 ipse
892 619 923 646 et
944 614 1074 646 heredes
1089 614 1138 646 sui
1154 614 1204 646 vel
1226 614 1297 657 ejus
1320 614 1475 656 assignati
1496 613 1595 645 libere

131 688 163 716 et
178 684 285 726 quiete
300 686 331 716 et
347 683 474 725 pacifice
490 683 557 714 sine
573 683 660 715 omui
681 682 841 714 calumnia
864 693 883 714 a
905 693 956 714 me
972 682 1022 714 vel
1044 682 1214 714 heredibus
1235 683 1314 714 meis
1329 682 1485 714 facienda.
1532 681 1595 713 Pro

131 753 190 786 hae
205 756 313 785 autem
328 752 510 784 remissione
526 755 557 783 et
573 751 682 793 quieta
691 751 863 783 clamantia
879 751 968 783 dedit
983 751 1063 783 mihi
1076 751 1249 783 Rmfflznns
1265 751 1504 782 FLANDRENsxs
1519 753 1595 782 tune

131 821 381 854 constabularius
393 821 432 852 de
444 820 525 852 ΚΒΝ
533 819 652 862 [EFEG]
667 845 673 851 .
685 830 742 861 pro
752 830 858 851 amore
870 819 1031 851 Hvooms
1041 819 1149 851 fratris
1158 820 1222 851 mei
1232 831 1333 852 unum
1344 830 1402 861 par
1413 819 1595 851 estivalium

132 890 230 933 preoii
254 916 260 922 .
285 901 386 921 xvuJ.
404 889 608 921 denariorum
628 891 659 920 et
676 899 774 920 unam
797 888 891 920 sisam
915 888 1042 920 cervisie
1058 887 1171 920 Ysorr:
1187 888 1280 920 uxori
1295 899 1374 919 mee.
1421 887 1467 919 Et
1481 888 1523 919 ad
1538 887 1596 919 hoe

132 959 269 991 fideliter
283 958 517 991 observandum
539 961 571 989 et
587 957 654 989 sine
676 957 791 988 fraude
808 981 815 988 .
833 956 973 999 obligavi
997 968 1047 988 me
1063 962 1094 988 et
1117 957 1247 989 heredes
1264 968 1350 989 meos
1365 957 1427 988 fide
1444 956 1548 988 media
1563 956 1597 988 in

132 1039 232 1060 manu
255 1026 380 1059 Tuom
404 1030 480 1058 tune
503 1026 672 1058 sacerdotis
695 1026 734 1057 de
757 1025 959 1057 LANILTWIT
984 1050 991 1057 .
1015 1029 1046 1057 et
1070 1026 1111 1057 ad
1133 1026 1286 1067 majorem
1309 1026 1511 1057 securitatem
1526 1025 1600 1056 huic

134 1097 250 1139 scripto
279 1096 423 1138 sigillum
452 1106 561 1126 meum
591 1095 732 1137 apposui.
779 1094 857 1126 Hiis
887 1094 1020 1126 testibus
1044 1117 1050 1124 .
1076 1094 1230 1126 RicARno
1246 1094 1468 1126 mmmmm
1493 1119 1499 1126 .
1523 1096 1601 1126 tunc

133 1164 366 1196 constabulario
390 1164 429 1195 de
452 1162 662 1206 Knffimo]
683 1189 688 1194 .
710 1162 886 1195 WAL'rERo
909 1162 1030 1194 Luca
1048 1189 1053 1194 .
1076 1162 1231 1194 RICARDO
1255 1163 1366 1195 elerico
1383 1189 1389 1194 .
1408 1162 1602 1195 WILLELMO

135 1232 224 1265 Com
242 1258 248 1264 .
266 1232 435 1264 Pmmpo
447 1231 514 1264 filio
530 1230 646 1263 DAvn)
663 1257 669 1263 .
687 1231 709 1263 J
711 1242 852 1263 OHANNE
863 1232 1023 1263 sacerdote
1036 1232 1075 1263 de
1087 1230 1295 1274 KEN[EFEG]
1316 1256 1323 1262 .
1339 1234 1417 1263 tunc
1429 1231 1580 1273 temporis
1594 1257 1600 1263 .

136 1304 168 1334 et
182 1302 293 1334 multis
308 1301 388 1333 aliis.

179 1369 262 1409 Seni,
278 1369 387 1401 brown
404 1381 484 1408 wax,
501 1380 536 1401 as
552 1369 586 1400 iu
603 1368 698 1400 Harl.
717 1368 852 1400 Charter
868 1369 908 1400 75
928 1367 961 1400 C.
979 1369 1008 1400 5.

178 1436 509 1470 Endorsed—‘Carta
529 1436 652 1469 Thome
676 1436 848 1469 Grammus
871 1437 910 1468 de
934 1438 1013 1468 aeris
1036 1449 1114 1479 quas
1145 1438 1268 1479 quietas
1291 1437 1440 1469 clamavit
1464 1437 1603 1480 Hugom'

137 1507 229 1539 fiatri
245 1506 322 1539 suo.'

776 1667 962 1700 DCCXVI.

138 1749 299 1783 GRANT
330 1749 394 1782 BY
421 1749 614 1782 THOMAS
645 1748 842 1782 GRAMUS
873 1749 932 1782 OF
961 1749 1029 1781 AN
1060 1749 1184 1782 ACRE
1216 1749 1275 1782 OF
1305 1749 1437 1782 LAND
1469 1749 1602 1782 NEAR

499 1817 704 1858 KENFEG,
735 1818 792 1850 ΤΟ
824 1818 1033 1850 MARGAM
1063 1818 1234 1850 ABBEY.

673 1899 846 1942 [MARGAM
871 1899 1064 1942 CHARTER]

182 1980 289 2012 Sciant
314 1991 343 2021 p.
369 1982 399 2011 et
423 1979 446 2011 f.
471 1991 500 2021 q.
523 1990 582 2021 ego
605 1979 748 2011 Tnoms
772 1980 916 2012 GRAMUS
939 1981 1069 2012 consilio
1093 1984 1123 2012 et
1147 1992 1275 2012 assensu
1299 1980 1432 2012 Boc-Em
1458 1980 1603 2012 GRAMUS

139 2049 238 2091 patris
261 2048 323 2080 mei
344 2052 375 2080 et
399 2047 506 2080 uxoris
526 2059 594 2079 meo
615 2051 646 2080 et
667 2048 820 2080 heredum
840 2060 982 2080 meorum
1004 2049 1078 2080 dedi
1100 2053 1130 2081 et
1152 2049 1286 2081 vonoessi
1310 2049 1380 2081 Deo
1396 2053 1427 2080 et
1443 2049 1482 2081 B.
1500 2050 1547 2081 M.
1565 2050 1604 2081 de

139 2117 292 2149 MARGAN
317 2120 347 2148 et
373 2127 414 2148 m.
432 2117 452 2148 i.
478 2116 520 2148 D.
538 2128 560 2148 s.
586 2128 684 2148 unam
707 2128 811 2148 aeram
834 2120 915 2149 ten-e
938 2129 1015 2149 mee.
1062 2117 1158 2149 Illam
1182 2117 1299 2149 seilicet
1322 2129 1383 2160 que
1405 2118 1488 2159 jaoet
1510 2118 1603 2160 juxta

140 2186 224 2218 viam
239 2186 379 2227 regalem
395 2185 429 2216 in
444 2185 578 2227 longum
596 2211 601 2216 .
620 2196 681 2227 que
697 2185 747 2216 via
763 2186 866 2217 tendit
883 2197 902 2216 a
918 2189 1014 2227 ponte
1030 2197 1110 2228 aque
1126 2187 1165 2217 de
1182 2185 1353 2218 KENEFEG
1369 2187 1410 2218 ad
1434 2197 1549 2228 aquam
1565 2187 1604 2218 de

142 2253 328 2286 GorELAKE
342 2279 348 2284 .
366 2254 541 2285 tenendum
557 2256 589 2285 et
605 2252 788 2286 habendum
804 2254 843 2286 de
859 2265 909 2286 me
926 2256 955 2286 et
971 2254 1140 2287 heredibus
1155 2254 1233 2287 meis
1248 2254 1347 2287 libere
1363 2258 1395 2286 et
1410 2255 1510 2297 quieti
1525 2255 1606 2287 sieut
