1820 2548
201 183 263 213 746

154 341 258 369 totum
273 348 419 369 mansum
435 342 580 370 nostrum
595 337 680 380 quod
695 337 866 369 habuimus
881 337 915 368 in
932 336 1097 369 Lmnocn
1113 339 1144 369 et
1159 337 1239 369 duas
1254 348 1341 370 aeras
1353 340 1435 370 terre
1451 338 1485 370 in
1500 339 1612 370 eodem

154 405 247 437 feodo
263 416 335 437 cum
351 405 498 438 omnibus
510 405 574 437 suis
589 406 792 448 pertinenciis
808 416 869 447 que
882 404 1052 437 habuimus
1067 406 1107 437 de
1118 405 1294 438 hereditate
1306 406 1390 438 dicte
1403 405 1610 438 WENLIANE.

155 473 200 506 Et
215 474 297 516 jacet
318 475 438 506 dictum
461 485 608 505 mansum
631 474 664 506 in
687 473 835 506 orientali
858 475 947 515 parte
969 473 1142 505 mansionis
1164 474 1242 506 dieti
1265 473 1423 506 Mmoms.
1469 474 1515 506 Et
1530 475 1613 507 dicte

155 543 217 575 due
241 554 310 574 acre
334 554 406 574 cum
436 543 639 584 pertinenciis
668 542 776 584 jacent
798 542 894 584 juxta
915 544 1033 574 terram
1055 553 1116 583 que
1138 541 1201 574 fuit
1225 541 1363 574 Oscum
1387 542 1500 574 sororis
1529 543 1612 575 dicte

154 610 360 643 WENLiAxE.
408 610 471 642 Pro
494 610 617 642 duabus
640 610 753 642 mareis
776 612 807 641 et
830 609 964 641 dimidia
988 610 1113 651 argenti
1137 621 1215 652 quas
1237 611 1340 642 dietus
1356 610 1450 642 Mino
1464 610 1556 643 nobis
1577 610 1612 643 in

153 679 293 711 maxima
308 682 339 710 et
355 679 484 721 urgenti
503 679 687 711 necessitate
703 681 811 710 nostra
833 678 966 709 donavit
984 677 1196 719 premanibus.
1243 677 1398 710 'Ponenda
1419 680 1450 710 et
1465 678 1612 710 habenda

152 748 258 780 omnia
274 747 415 789 predicta
430 759 486 789 pro
502 747 593 779 nobis
608 751 640 779 et
658 746 827 779 heredibus
843 747 959 778 nostris
976 746 1026 778 vel
1048 746 1218 788 assignatis
1234 745 1293 778 sibi
1316 748 1349 778 et
1363 746 1532 778 heredibus
1547 747 1612 778 suis

151 816 201 848 vel
217 816 386 858 assignatis
402 816 466 847 suis
481 815 578 847 libere
594 815 700 858 quiete
715 815 842 857 pacifice
858 815 984 857 integre
999 815 1070 857 jure
1086 814 1276 846 hereditario
1293 815 1359 846 sine
1375 814 1482 856 aliquo
1494 814 1609 846 retine-

151 886 259 916 mento
275 885 375 916 nostri
390 884 441 915 vel
456 886 636 915 nostrorum
652 894 864 915 suceessorum
881 883 1114 925 inperpetuum.
1163 882 1341 914 Reddendo
1353 882 1428 914 inde
1444 882 1611 914 annuatim

151 953 280 985 domino
296 952 382 984 feodi
397 952 431 984 in
447 951 612 984 LANDOCH
629 954 765 993 quatuor
781 952 926 984 denarios
942 951 1071 993 argenti
1086 951 1127 982 ad
1143 951 1222 982 duos
1237 950 1314 982 anni
1327 951 1479 982 terminos
1494 950 1612 983 seilicet

150 1022 191 1053 ad
222 1021 423 1052 nativitatem
453 1020 538 1052 beati
568 1020 590 1053 J
592 1031 742 1052 OHANNIS
774 1020 940 1052 BApnsTE
973 1030 1011 1051 ω.
1044 1019 1190 1051 denarios
1221 1021 1252 1051 et
1283 1019 1324 1050 ad
1354 1018 1473 1050 festum
1502 1019 1612 1051 Sancti

150 1090 345 1122 MmHAEms
362 1100 400 1121 1J.
418 1089 564 1120 denarios
579 1100 636 1130 pro
652 1088 799 1120 omnibus
815 1088 955 1120 serviciis
971 1087 1252 1120 consuetudinibus
1268 1087 1405 1128 querelis
1420 1087 1505 1118 curie
1520 1087 1612 1119 sectis

150 1159 265 1190 wardis
280 1158 405 1189 releviis
420 1157 547 1189 herietis
563 1157 691 1188 escaetis
706 1159 738 1188 et
754 1156 900 1188 omnibus
919 1156 990 1188 aliis
1005 1155 1197 1188 secularibus
1212 1155 1379 1187 demandis
1395 1166 1456 1196 que
1472 1155 1512 1187 de
1527 1157 1612 1187 terra

150 1227 325 1269 exiguntur
339 1226 390 1257 vel
405 1225 492 1267 exigi
507 1225 655 1267 poterint.
702 1225 747 1256 Et
763 1235 820 1256 nos
843 1224 978 1266 predicti
1000 1224 1105 1256 ADAM
1125 1224 1209 1255 filius
1224 1223 1350 1255 Tuom
1367 1227 1399 1254 et
1415 1223 1612 1256 WENLIANA

150 1296 216 1328 filia
229 1295 390 1327 Pinum
406 1294 435 1325 le
447 1293 577 1326 vam
593 1296 624 1324 et
639 1293 768 1325 heredes
783 1293 883 1324 nostri
895 1294 946 1324 vel
963 1292 1116 1334 assignati
1132 1292 1272 1334 predicto
1288 1291 1420 1323 Maon
1433 1292 1472 1324 de
1485 1292 1610 1324 REGNY

150 1368 183 1396 et
197 1363 366 1396 heredibus
381 1363 445 1394 suis
461 1362 511 1393 vel
527 1361 696 1404 assignatis
712 1361 776 1393 suis
791 1361 969 1403 predictum
985 1372 1133 1393 mansum
1145 1363 1176 1392 et
1191 1362 1292 1392 totam
1304 1360 1480 1402 predictam
1491 1362 1610 1392 terram

151 1444 223 1464 cum
248 1432 312 1464 suis
338 1431 538 1473 pertinentiis
560 1433 654 1472 prout
678 1430 784 1471 aliqua
808 1433 891 1461 terra
915 1429 1043 1471 plenius
1065 1429 1195 1461 liberius
1218 1431 1250 1460 et
1271 1428 1385 1460 melius
1415 1428 1514 1470 possit
1542 1429 1611 1461 dari

151 1501 325 1533 secundum
353 1499 488 1531 formam
512 1499 546 1530 in
571 1498 718 1530 omnibus
743 1498 949 1540 prescriptam
974 1500 1083 1530 contra
1110 1508 1218 1529 omnes
1240 1497 1385 1529 homines
1415 1498 1447 1528 et
1476 1496 1614 1529 feminas

151 1569 427 1602 warantizabimus
450 1567 699 1610 acquietabimus
722 1570 753 1598 et
775 1567 1002 1608 inperpetuum
1026 1566 1242 1597 defendemus.
1298 1565 1343 1597 Et
1366 1568 1403 1597 ut
1425 1565 1483 1597 hec
1504 1567 1612 1598 nostra

150 1639 281 1671 donacio
305 1637 459 1669 concessio
482 1640 514 1668 et
537 1636 690 1678 presentis
713 1638 797 1667 carte
820 1637 927 1667 nostre
951 1634 1149 1667 confirmacio
1166 1637 1197 1666 et
1213 1645 1269 1676 pro
1285 1633 1376 1665 nobis
1392 1636 1424 1665 et
1439 1633 1610 1666 heredibus

150 1707 266 1739 nostris
285 1706 393 1748 quieta
415 1704 562 1736 clamatio
585 1707 652 1736 rate
683 1706 714 1735 et
737 1703 866 1735 stabiles
888 1703 1085 1745 inposterum
1107 1704 1315 1744 permaneant
1340 1704 1372 1733 et
1395 1702 1435 1733 ad
1457 1701 1613 1744 majorem

148 1775 349 1807 securitatem
361 1773 541 1805 faciendam
552 1773 625 1803 huic
637 1772 772 1814 presenti
788 1775 872 1803 carte
885 1771 991 1814 sigilla
1003 1774 1111 1803 nostra
1123 1771 1336 1813 apposuimus.
1370 1770 1447 1802 Hiis
1455 1770 1590 1802 testibus
1603 1796 1610 1802 .

151 1844 325 1877 WALTERO
350 1843 389 1873 de
416 1841 554 1874 REYGm
572 1866 578 1872 .
597 1841 771 1873 WALTERO
798 1841 837 1872 de
864 1840 979 1872 OoeAN
1013 1865 1019 1871 .
1051 1839 1220 1872 Pmmpo
1251 1839 1421 1871 THURGOD
1453 1864 1460 1871 .
1486 1838 1612 1871 ΤΗΟΜΑ

150 1912 319 1944 Tnmmon
360 1936 365 1942 .
405 1910 619 1942 ALEXANDRO
656 1909 722 1941 filio
765 1909 933 1941 MAURICII
975 1935 980 1940 .
1021 1908 1215 1940 WILLELMO
1253 1907 1367 1939 Pssmo
1407 1933 1412 1938 .
1453 1906 1612 1939 Romano

151 1981 380 2013 Fuimus-se
399 2005 404 2010 .
423 1981 455 2011 et
471 1979 552 2010 aliis.
1382 1962 1387 1963 ⁷

195 2049 272 2082 Two
288 2048 380 2080 small
395 2048 498 2079 round
514 2047 603 2086 seals,
620 2058 718 2089 green
734 2058 805 2078 wax
818 2058 870 2078 :—

199 2119 224 2149 1.
250 2117 283 2149 A
298 2119 363 2148 star
378 2116 412 2148 of
427 2115 474 2148 six
490 2115 605 2158 points.

673 2173 681 2188 ‘
693 2170 719 2202 s'
737 2197 743 2202 .
762 2181 827 2202 ΑΒΕ
846 2195 852 2202 .
869 2170 935 2202 FIL'
950 2196 956 2202 .
977 2169 1116 2202 THOME.'

195 2230 224 2261 2.
248 2229 282 2261 A
297 2228 477 2271 quatrefoil.

601 2286 608 2300 ‘
627 2288 658 2319 -Ι-
679 2282 703 2314 s’
720 2293 882 2314 WENLIAN
901 2307 906 2313 .
925 2281 991 2313 Ἐπ’
1011 2307 1017 2312 .
1036 2291 1200 2312 PHILIPPI.
