1820 2548
1542 132 1605 163 867

812 284 1017 317 DCGLXII.

181 365 345 399 GRANT
369 366 434 398 BY
458 365 680 399 WILLIAM
703 365 767 397 DE
790 365 1022 398 DALDENE
1043 364 1101 397 ΤΟ
1125 364 1331 398 WALTER
1354 365 1418 397 DE
1443 366 1647 406 QUERCU,

391 434 450 467 OF
473 434 508 467 A
531 433 723 467 VAOANT
746 433 866 466 PLOT
889 434 943 467 IN
968 434 1175 466 OARDIFF
1198 433 1439 466 BOROUGH.

782 508 918 552 [CARNE
942 509 1032 552 MS]
1335 509 1375 541 13
1399 509 1482 541 ΗΕΒ.
1510 510 1603 541 1290.

222 584 332 618 Sciant
347 587 509 627 presentes
524 587 556 617 et
568 584 672 616 futiui
689 585 775 626 quod
791 595 851 626 ego
869 584 1084 617 WILLELMUS
1099 585 1138 616 de
1161 584 1331 616 DALDENE
1355 584 1429 616 dedi
1452 585 1590 617 concessi
1615 587 1648 618 et

177 653 237 685 hac
252 653 392 696 presenti
417 656 504 685 carta
526 664 597 685 mea
620 653 806 685 confirmavi
829 652 1005 686 WAm-an
1029 654 1068 685 de
1092 653 1234 689 Qunam]
1257 656 1290 685 et
1310 654 1456 685 AGNErE
1479 653 1573 686 uxori
1594 665 1648 686 sue

179 733 278 754 unam
304 722 447 764 placeam
477 733 611 754 vacuam
634 721 667 753 in
690 721 795 764 burgo
818 722 857 754 de
884 721 1048 753 KAERDIF
1075 733 1136 764 que
1163 722 1294 763 quidem
1320 722 1430 764 placea
1456 722 1541 764 jacet
1566 722 1649 755 inter

177 789 374 833 burgagium
398 792 476 822 tunc
492 790 682 823 WILLELMI
699 789 920 822 MARESCALLI
935 790 968 822 in
984 792 1076 832 parte
1090 790 1278 822 occidentali
1294 792 1326 822 et
1350 789 1547 833 burgagium
1571 793 1649 823 tunc

177 858 200 891 J
201 869 352 890 OHANNIS
367 858 467 890 Luna
483 858 517 890 in
533 860 624 901 parte
640 858 790 890 orientali
805 860 836 890 et
853 858 1000 890 extendit
1015 870 1047 890 se
1062 859 1097 890 in
1113 858 1319 901 longitudine
1343 870 1358 890 a
1388 859 1548 902 burgagio
1572 862 1649 891 tune

174 927 350 960 «IOHANNIS
380 927 478 959 ODYN
505 927 540 959 in
567 929 657 969 parte
684 927 817 959 australi
843 939 944 969 usque
974 928 1016 959 ad
1042 927 1184 970 regalem
1213 927 1299 960 viam
1329 927 1363 959 in
1394 929 1484 969 parte
1516 926 1645 960 boreali.

175 995 376 1028 Habendum
413 998 446 1028 et
483 996 659 1027 tenendum
697 996 874 1038 predictam
904 995 1047 1038 placeam
1077 1007 1150 1027 cum
1174 996 1239 1028 suis
1265 996 1471 1038 pertinenciis
1498 996 1648 1038 predictis

176 1063 352 1097 WALTERO
369 1064 512 1100 QUERCU
529 1068 561 1096 et
576 1064 722 1096 AGNETE
738 1065 831 1097 uxori
847 1076 901 1096 sue
918 1067 949 1096 et
970 1064 1141 1096 heredibus
1163 1064 1241 1096 dicti
1264 1064 1434 1097 WALTEffi
1458 1065 1524 1097 sive
1549 1065 1648 1107 assig-

174 1133 259 1165 natis
274 1133 313 1165 de
325 1133 460 1165 domino
475 1133 562 1165 feodi
581 1133 669 1165 illius
684 1145 740 1175 per
760 1133 904 1166 redditus
920 1135 951 1165 et
971 1133 1102 1165 servicia
1117 1133 1192 1165 inde
1208 1133 1316 1166 debita
1335 1137 1367 1165 et
1383 1136 1533 1165 consueta
1548 1133 1646 1166 libere

175 1202 282 1245 quiete
297 1202 423 1244 integre
437 1201 519 1234 bene
535 1202 664 1244 pacifice
679 1204 711 1234 et
733 1202 806 1245 jure
828 1201 1020 1234 hereditario
1046 1202 1292 1244 imperpetuum.
1340 1202 1519 1235 Reddendo
1546 1203 1646 1235 eciam

174 1270 250 1303 inde
273 1271 442 1302 annuatim
464 1271 561 1303 michi
592 1273 623 1303 et
648 1270 819 1303 heredibus
844 1271 924 1303 meis
948 1271 998 1303 vel
1023 1271 1195 1314 assignatis
1221 1274 1285 1303 tres
1310 1271 1427 1303 solidos
1453 1272 1579 1313 argenti
1606 1272 1647 1303 ad

175 1341 312 1381 quatuor
342 1339 419 1371 anni
449 1339 602 1371 terminos
632 1339 823 1381 principales
853 1339 943 1381 equis
969 1339 1171 1381 porcionibus
1197 1351 1254 1382 pro
1280 1339 1428 1371 omnibus
1453 1339 1647 1398 secularibus¹

172 1408 311 1440 serviciis
327 1410 358 1440 et
374 1408 542 1440 demandis
557 1419 619 1450 que
634 1408 674 1440 de
690 1408 782 1440 terris
799 1411 918 1440 exeunt
940 1409 990 1440 vel
1012 1409 1101 1451 exigi
1122 1411 1282 1450 poterimt.
1330 1408 1375 1440 Et
1402 1420 1461 1451 ego
1485 1409 1645 1450 predictus

173 1476 228 1509 W.
246 1477 286 1508 de
307 1476 478 1509 DALDENE
501 1479 534 1508 et
556 1476 687 1508 heredes
709 1477 773 1508 mei
796 1477 972 1518 predictam
997 1477 1140 1519 placeam
1167 1489 1239 1509 cum
1265 1477 1470 1519 pertinenciis
1494 1477 1644 1519 predictis

172 1544 348 1577 WALTERO
375 1545 415 1576 de
442 1545 584 1580 (λι-1111011
606 1547 640 1577 et
663 1545 810 1577 AGNETE
835 1546 927 1577 uxori
949 1557 1003 1577 sue
1028 1548 1060 1577 et
1083 1545 1253 1578 heredibus
1280 1547 1357 1577 dicti
1384 1546 1550 1578 Wimmu
1577 1546 1642 1578 sive

172 1614 342 1656 assignatis
358 1616 468 1646 contra
484 1625 595 1646 omnes
610 1617 723 1656 gentes
739 1614 1017 1646 warantizabimus
1033 1617 1063 1646 et
1081 1614 1318 1656 imperpetuum
1334 1615 1552 1647 defendemus.
1599 1614 1641 1646 In

173 1683 262 1715 cuius
278 1683 323 1714 rei
340 1683 559 1714 testimonium
574 1682 648 1714 huic
663 1683 803 1725 presenti
820 1685 904 1715 carte
920 1684 1063 1725 sigillum
1091 1695 1198 1715 meum
1220 1684 1361 1726 apposui.
1410 1683 1486 1715 Hiis
1507 1683 1641 1716 testibus

171 1750 338 1783 JoHANNE
361 1750 459 1782 ODYN
485 1777 491 1782 .
518 1751 658 1783 Romano
681 1752 720 1783 de
744 1751 912 1783 Pormm'
937 1754 1014 1784 tunc
1041 1752 1208 1794 prepositis
1234 1752 1330 1794 burgi
1357 1753 1396 1784 de
1422 1751 1605 1783 Kffinmmv
1631 1777 1637 1783 .

170 1819 336 1852 JOHANNE
360 1820 399 1851 de
422 1819 548 1851 Rima
581 1845 587 1851 .
620 1819 747 1851 Tuom
779 1819 897 1852 LONco
928 1846 934 1851 .
967 1819 1111 1852 Tnoms
1140 1820 1263 1852 ALEYN
1294 1846 1300 1852 .
1333 1820 1488 1852 Rae-Almo
1523 1819 1636 1851 Emis.

170 1888 323 1920 Rmmzno
339 1888 378 1919 de
397 1886 581 1919 CANETONE
598 1890 629 1919 et
645 1888 756 1920 multis
771 1888 852 1920 aliis.

212 1956 335 1988 Datum
352 1957 439 1998 apud
455 1955 638 1988 KAERDIFF
655 1956 707 1988 die
722 1956 816 1988 Lune
832 1957 978 1999 proxima
994 1960 1065 1999 post
1080 1957 1199 1989 festum
1215 1957 1300 1988 beati
1319 1956 1469 1989 Turium
1486 1956 1636 1999 Episcopi

169 2028 200 2057 et
217 2024 413 2057 Confessoris
429 2036 514 2056 anno
530 2025 622 2067 regni
636 2024 736 2067 Regis
752 2025 922 2057 Enwfflm
939 2025 1062 2057 decimo
1078 2028 1198 2057 octavo.

211 2093 289 2115 There
296 2100 336 2115 are
345 2093 368 2115 in
377 2093 419 2115 the
427 2093 504 2115 Carne
512 2093 580 2115 MSS.
589 2097 767 2121 twenty-seven
775 2092 889 2115 Chaners
898 2094 1003 2122 relating
1012 2098 1038 2115 to
1047 2093 1088 2115 the
1096 2093 1190 2115 Dalden
1199 2093 1246 2115 and
1255 2094 1332 2116 Carne
1339 2094 1450 2118 smidhes,
1457 2093 1560 2122 rangiug
1567 2094 1629 2116 from

176 2136 233 2157 1290
241 2139 267 2157 to
280 2136 344 2163 1555,
353 2135 399 2157 five
411 2142 451 2157 xire
460 2135 563 2163 granted
575 2135 607 2163 by
619 2135 737 2157 members
746 2135 771 2157 of
784 2135 824 2157 the
834 2135 927 2157 Dalden
941 2135 1033 2164 family.
1041 2135 1082 2157 1110
1093 2135 1162 2157 other
1172 2139 1326 2164 twenty-two
1336 2136 1410 2157 relate
1423 2135 1498 2157 10111(-
1509 2135 1628 2164 1“;ιιηί1)’01“

174 2176 259 2205 Carne,
270 2182 296 2198 to
309 2177 349 2198 the
362 2176 471 2199 matches
484 2177 542 2198 with
556 2177 623 2199 Giles
636 2177 684 2199 aud
697 2177 811 2206 Kemeys,
822 2177 870 2199 and
882 2177 974 2206 mainly
987 2180 1013 2199 to
1025 2177 1066 2200 the
1079 2184 1163 2199 manor
1174 2178 1199 2200 of
1213 2177 1287 2206 Nash,
1298 2177 1346 2199 and
1359 2181 1384 2199 to
1398 2177 1467 2199 luuds
1485 2177 1569 2199 within
1587 2177 1628 2200 the

172 2219 210 2241 fec
221 2219 245 2241 of
258 2218 439 2241 Llnnblethian.
471 2218 538 2240 Nash
551 2219 626 2247 being
637 2225 668 2240 :m
679 2219 804 2248 episcopal
818 2226 910 2248 maner,
921 2226 970 2242 was
981 2219 1113 2248 originally
1125 2219 1180 2242 held
1194 2220 1224 2248 by
1238 2220 1279 2241 the
1292 2219 1396 2248 Bishops
1408 2220 1432 2241 οἱ
1445 2219 1565 2242 Llandaff.
