1820 2548
224 174 286 204 744

177 328 285 370 aliquo
309 329 402 360 modo
427 328 542 361 habere
568 329 659 371 potui
684 329 808 361 racione
833 329 1019 361 hereditatis
1040 330 1174 371 predicti
1201 330 1362 362 Pmmm
1390 331 1489 372 patris
1513 331 1577 363 mei
1603 332 1637 364 in

181 397 322 438 quinque
352 397 430 429 acris
461 400 542 429 terre
573 409 645 430 cum
683 409 794 430 manso
824 409 896 429 cum
926 398 1130 440 pertinenciis
1160 400 1192 430 et
1221 398 1421 431 libertatibus
1458 400 1523 431 suis
1559 411 1638 442 quas

181 464 376 498 WALrizms
392 465 506 497 Tum
519 466 696 497 avunculus
712 477 801 498 meus
813 467 975 508 quondam
986 467 1090 498 ‘tenuit
1105 467 1144 499 de
1160 467 1289 499 domino
1305 467 1418 499 abbate
1432 470 1463 499 et
1479 470 1637 500 conventu

179 534 219 565 de
230 533 498 566 Tflssorfflsnitum
511 535 545 566 in
555 535 633 566 villa
643 535 682 566 de
693 534 873 566 Lmnoon.
905 534 1091 567 Tenendum
1100 538 1131 567 et
1141 535 1321 567 habendam
1334 536 1508 577 predictam
1519 540 1637 568 terram
1654 520 1664 531 )

182 614 254 634 cum
281 613 391 634 manso
419 605 449 634 et
476 603 624 635 omnibus
649 603 714 635 suis
739 603 945 645 pertinenciis
971 606 1001 635 et
1024 603 1225 636 libertatibus
1247 604 1311 635 suis
1334 604 1401 635 sine
1425 603 1637 636 diminutione

175 671 284 713 aliqua
307 671 448 713 predicto
471 671 602 703 MILONI
627 674 659 703 et
680 671 848 704 heredibus
871 675 902 704 et
919 672 1087 714 assignatis
1102 673 1166 704 suis
1181 675 1236 704 aut
1253 672 1429 714 cuicunque
1445 674 1477 704 et
1492 673 1634 714 quando-

178 751 300 781 cunque
324 751 394 771 eam
418 740 452 771 in
476 742 544 771 toto
568 741 619 771 vel
643 740 677 771 in
701 743 790 781 parte
817 741 891 772 dare
912 741 1047 772 vendere
1070 741 1177 783 legare
1200 740 1362 783 assignare
1385 740 1436 771 vel
1458 740 1520 772 alio
1542 741 1637 772 modo

177 808 316 840 alienare
331 808 466 840 voluerit
489 808 523 840 in
549 819 747 850 quocumque
770 811 856 840 statu
880 808 977 840 fuerit
992 808 1057 840 vite
1080 820 1134 840 sue
1157 808 1256 840 libere
1272 809 1377 850 quiete
1400 808 1480 840 bene
1503 809 1537 840 in
1559 819 1636 850 pace

174 876 300 918 integre
337 879 369 907 et
406 875 595 908 hereditarie
635 876 701 907 sine
741 876 828 908 omni
864 876 1087 908 reclamatione
1124 876 1187 908 mei
1225 879 1281 908 aut
1311 876 1464 908 heredum
1494 887 1637 909 meorum

174 944 408 987 inperpetuum.
469 945 647 976 Reddendo
677 947 708 976 et
740 944 885 976 faciendo
915 945 989 976 inde
1020 945 1149 987 capitali
1179 945 1307 976 domino
1346 944 1431 976 feodi
1468 945 1637 977 annuatim

174 1013 335 1044 redditum
359 1012 523 1044 servicium
549 1012 693 1044 debitum
716 1015 747 1044 et
779 1015 964 1044 consuetum
996 1013 1034 1044 de
1067 1013 1152 1044 dicto
1183 1015 1374 1044 tenemento,
1421 1013 1466 1044 Et
1495 1013 1638 1055 predicta

175 1080 297 1112 Alliam
321 1083 422 1112 mater
444 1092 515 1112 mea
531 1081 671 1122 presenti
694 1080 811 1122 scripto
826 1081 948 1112 remisit
963 1083 995 1112 et
1011 1081 1155 1123 quietum
1174 1081 1323 1112 clamavit
1338 1081 1480 1122 predicto
1503 1080 1635 1113 M1LON1

173 1152 205 1180 et
220 1148 388 1180 heredibus
403 1150 435 1180 et
451 1149 620 1190 assignatis
636 1149 701 1180 suis
717 1151 818 1180 totam
838 1149 994 1180 actionem
1010 1151 1041 1180 et
1057 1149 1248 1180 demandam
1265 1160 1361 1191 quam
1377 1148 1490 1181 habuit
1506 1149 1635 1181 nomine

173 1217 256 1248 dotis
278 1217 313 1248 in
336 1217 477 1258 predicta
501 1220 586 1248 terra
610 1228 681 1249 eum
706 1217 852 1249 omnibus
875 1218 938 1249 suis
964 1218 1175 1259 pertinenciis.
1224 1217 1320 1252 Quod
1346 1229 1386 1248 ne
1413 1217 1447 1249 in
1473 1220 1634 1259 posterum

173 1286 343 1317 devocetur
372 1285 406 1316 111
437 1284 571 1316 dubium
603 1285 677 1316 huic
707 1286 846 1327 presenti
878 1286 992 1328 scripto
1023 1286 1164 1327 sigillum
1195 1296 1303 1317 meum
1332 1297 1396 1317 una
1426 1297 1499 1317 cum
1529 1285 1635 1327 sigillo

172 1353 313 1395 predicte
329 1354 451 1384 Amcm
469 1353 578 1385 matris
593 1364 662 1384 mee
679 1357 726 1385 est
743 1365 928 1395 appensum.
975 1354 1052 1385 Hiis
1067 1353 1201 1385 testibus
1218 1379 1224 1384 .
1244 1353 1413 1385 WALTERO
1429 1354 1468 1385 de
1488 1353 1612 1385 REGNY
1629 1379 1636 1386 .

174 1421 342 1452 Pmmpo
359 1421 456 1452 Pax
471 1447 477 1453 .
491 1420 666 1453 WALTERO
684 1422 723 1452 de
740 1421 855 1453 00an
872 1422 1044 1453 ,Rmfflno
1059 1421 1124 1453 filio
1141 1421 1308 1453 Grumum
1328 1421 1453 1453 Parin.
1470 1421 1638 1453 Pmmppo

175 1488 346 1521 THURGOD
364 1514 370 1521 .
390 1489 515 1520 T110MA
532 1489 650 1521 LoNco
667 1516 673 1521 .
695 1489 855 1521 Romamn
871 1490 900 1521 le
917 1490 1072 1521 mesn
1089 1492 1120 1521 et
1136 1490 1214 1521 aliis.

807 1607 1016 1640 DCLXXX.

206 1675 366 1707 GRANT
397 1675 462 1707 BY
495 1675 667 1707 HENRY
700 1675 764 1707 DE
795 1675 980 1707 ANGLIA
1010 1676 1068 1707 OF
1097 1675 1131 1707 A
1161 1675 1332 1714 MANSE‚
1364 1675 1426 1707 ΟΒ
1457 1674 1616 1707 HOUSE

467 1737 529 1769 AT
560 1737 790 1770 LANDOCH
820 1737 877 1769 ΤΟ
908 1737 1025 1769 MILO
1056 1737 1119 1769 DE
1151 1737 1346 1769 REYGNI.

672 1812 776 1854 [Anu.
803 1812 977 1851 CHARTER,
1000 1811 1145 1854 24,281.]
1371 1810 1474 1843 0111οΑ
1499 1811 1591 1842 1287.

218 1886 327 1918 »Sciant
352 1890 512 1927 presentes
538 1891 569 1918 et
594 1886 696 1918 futuri
724 1898 784 1929 ego
811 1886 990 1918 Hismucrs
1015 1887 1054 1918 de
1082 1886 1218 1918 ANGLIA
1249 1886 1321 1917 dedi
1352 1885 1488 1917 concessi
1517 1890 1548 1917 et
1579 1885 1637 1917 hae

174 1955 312 1996 presenti
328 1957 414 1985 carta
433 1966 502 1986 mea
527 1955 712 1986 confirmavi
738 1955 869 1986 M1110N1
893 1956 932 1986 de
957 1955 1093 1986 Rure-NI
1117 1954 1278 1996 quoddam
1302 1964 1449 1985 mansum
1473 1964 1580 1985 meum
1602 1953 1637 1985 in

177 2022 342 2054 LANDocH
366 2023 548 2064 proximum
565 2024 604 2055 ad
629 2024 826 2055 mansionem
844 2023 1040 2056 WENMANE
1056 2023 1120 2054 filie
1136 2022 1298 2053 Prummu
1315 2022 1344 2053 le
1360 2021 1488 2053 KNYTH
1505 2023 1537 2053 et
1559 2021 1638 2053 duas

171 2103 258 2123 acras
284 2094 366 2122 terre
394 2102 464 2123 cum
496 2092 560 2123 suis
593 2092 794 2133 pertinentiis
820 2092 915 2134 juxta
940 2095 1058 2123 terram
1085 2091 1167 2122 dicte
1196 2089 1391 2122 WENLiANE
1418 2089 1451 2120 in
1476 2088 1570 2121 feodo
1594 2089 1634 2121 de

176 2159 340 2190 Lem-noca
358 2170 413 2200 pro
430 2159 565 2190 dimidia
581 2171 687 2191 marca·
703 2160 829 2202 argenti
844 2171 941 2201 quam
953 2159 1056 2191 dictus
1071 2158 1164 2190 MILO
1180 2158 1260 2190 mihi
1276 2157 1406 2189 donavit
1422 2156 1635 2199 premanibus.

172 2226 362 2259 Tenendum
378 2230 410 2257 et
426 2227 608 2259 habendum
624 2230 728 2259 totum
743 2228 920 2270 predictum
936 2239 1082 2259 mansum
1099 2239 1171 2259 cum
1186 2227 1335 2268 predictis
1350 2226 1474 2258 duabus
1497 2227 1576 2258 acris
1600 2228 1632 2258 et
