1820 2548
1565 209 1644 240 1131

224 365 257 395 et
282 363 451 395 heredibus
478 363 542 395 sive
566 362 736 406 assignatis
759 363 860 405 ipsius
886 363 1059 396 JOHANNxs
1085 363 1189 395 Momc
1216 366 1326 395 eontra
1353 374 1462 396 omnes
1487 364 1633 397 homines
1657 367 1689 396 et

222 432 360 464 feminas
385 432 535 464 moriales
557 431 835 464 warantizabimus
861 434 892 464 et
918 432 953 464 in
978 434 1168 475 perpetuum
1193 432 1410 464 defendemus.
1457 432 1498 465 In
1523 433 1616 475 cujus
1642 433 1688 465 rei

223 501 444 533 testimonium
466 500 548 532 hano
570 502 749 542 presentem
772 502 893 532 cartam
916 500 1015 543 sigilli
1038 501 1101 532 mei
1123 501 1330 543 impressione
1352 500 1498 533 roboravi
1521 503 1553 533 et
1575 501 1688 533 coufir-

224 569 319 601 mavi.
366 569 444 602 Hiis
466 568 600 601 testibus
624 595 630 600 .
655 568 797 601 Roomzo
819 568 849 601 le
872 568 1024 601 Pomm
1049 595 1054 600 .
1080 569 1206 601 ΤΗοΜΑ
1230 569 1260 601 le
1283 569 1404 601 LONGE
1429 595 1435 601 .
1460 569 1626 601 JOHANNR
1649 570 1689 602 de

222 637 370 669 Rsmm
388 664 394 669 .
412 637 573 669 Hsmuco
589 636 730 669 anmz
745 662 751 668 .
765 636 927 669 Rommo
942 637 972 669 le
988 637 1125 670 Pnourn
1143 663 1149 669 .
1167 637 1189 670 J
1191 648 1333 669 OHANNE
1349 637 1548 669 Mmzwxrrm
1566 664 1572 669 .
1590 637 1687 671 Eum

221 705 386 738 Mmmm
403 732 408 737 .
426 707 458 738 et
473 705 544 738 aliis
558 705 678 737 multis.

265 773 390 806 Datum
412 774 499 816 apud
518 773 681 806 KAERmF
704 774 755 806 die
778 773 930 806 Mercurii
953 774 1098 816 proxima
1114 777 1185 816 post
1202 774 1319 806 festum
1336 774 1480 806 omnium
1496 774 1686 806 Sanctorum

222 854 307 875 anno
322 843 415 886 regui
432 842 532 885 Regis
547 842 717 874 Eumnm
733 842 792 874 filii
808 842 910 885 Regis
925 842 1095 874 Enwfflm
1112 843 1232 875 decimo
1248 854 1343 875 nono.

812 1129 1090 1163 DOOCOXXIV.

219 1217 503 1253 QUIT-OLAIM
533 1217 599 1249 BY
622 1217 759 1257 JOHN,
783 1217 872 1250 SON
897 1217 957 1249 OF
983 1217 1110 1251 JOHN
1137 1218 1329 1258 NIOHOL,
1359 1218 1417 1250 OF
1446 1218 1683 1258 KENEFEG,

329 1285 386 1318 TO
415 1285 624 1318 MARGAM
648 1285 822 1325 ABEEY,
848 1286 907 1318 OF
934 1285 1015 1318 HIS
1041 1285 1208 1326 LANDS,
1236 1286 1343 1326 ETO„
1370 1287 1423 1319 IN
1450 1287 1688 1327 KENEFEG,

329 1354 422 1386 FOR
472 1356 504 1386 A
553 1354 775 1387 OORRODY
823 1354 925 1386 AND
978 1354 1323 1387 APPOINTMENT
1375 1355 1431 1387 As
1481 1356 1514 1387 A
1563 1354 1689 1388 FREE

328 1422 572 1455 SERJEANT
603 1422 658 1455 IN
687 1422 786 1455 THE
816 1423 989 1455 ABBEY.

756 1503 931 1546 [Minoa
955 1503 1146 1544 ommam]

920 1585 971 1618 ST.
997 1585 1146 1618 DONAT'S
1169 1586 1257 1618 Du.
1305 1586 1324 1616 7
1347 1586 1497 1618 Αυουετ.
1547 1585 1640 1617 1325.

259 1666 429 1699 Universis
452 1666 593 1698 CHRISTI
618 1666 764 1698 fidelibus
787 1679 814 1698 a.
833 1678 862 1709 q.
881 1678 911 1709 p.
930 1678 952 1698 s.
970 1667 1174 1708 pervenerit.
1198 1666 1379 1698 JOHANNES
1403 1666 1487 1697 filius
1510 1665 1685 1698 JOHANNIS

216 1735 353 1767 NmnoL
368 1735 407 1766 de
424 1734 593 1766 KENEFEG
611 1734 746 1767 salutem
762 1735 795 1766 in
812 1735 941 1767 domino
958 1735 1193 1777 sempiternam.

258 1803 422 1835 Noveritis
451 1814 503 1835 me
533 1803 585 1835 die
616 1803 822 1835 confectionis
853 1803 1054 1846 presencium
1086 1803 1270 1835 concessisse
1300 1803 1457 1834 relaxasse
1488 1806 1519 1833 ot
1550 1803 1679 1834 omnino

213 1872 358 1914 quietum
381 1872 531 1903 clamasse
554 1882 611 1913 pro
634 1883 684 1903 me
707 1875 739 1903 et
762 1871 931 1904 heredibus
953 1872 1032 1904 meis
1053 1875 1084 1903 et
1108 1872 1277 1914 assignatis
1299 1872 1525 1913 inperpetuum
1548 1871 1678 1903 domino

212 1939 321 1972 abbati
337 1940 376 1972 de
391 1939 545 1971 MARGAN
562 1941 593 1971 et
607 1939 752 1982 ejusdem
767 1940 827 1972 looi
843 1940 1013 1972 conventui
1030 1944 1061 1971 et
1077 1951 1185 1971 eorum
1199 1938 1427 1971 suecessoribus
1442 1941 1543 1971 ‘totam
1558 1941 1677 1970 terram

210 2019 316 2040 meam
336 2011 367 2040 et
383 2010 486 2040 totum
502 2007 555 2050 jus
575 2010 608 2039 eb
623 2007 773 2039 elamium
795 2019 902 2040 meum
918 2009 1003 2051 quod
1023 2008 1122 2040 habui
1139 2008 1188 2040 vel
1212 2008 1318 2050 aliquo
1340 2008 1434 2039 modo
1450 2006 1565 2039 habere
1585 2007 1676 2049 potui
1706 2000 1730 2025 κ

211 2077 245 2109 in
260 2077 338 2108 villa
356 2077 395 2108 de
416 2076 587 2108 KENEFEG
603 2077 654 2108 vel
674 2079 774 2115 extra,
792 2077 826 2108 in
846 2076 1014 2119 burgagiis
1032 2101 1038 2107 .
1055 2076 1242 2118 messuagiis
1260 2101 1266 2107 .
1284 2075 1431 2107 domibus
1449 2101 1454 2106 .
1473 2075 1649 2117 eurtilagiis
1666 2101 1672 2107 .

209 2145 401 2178 tenementis
418 2171 424 2177 .
441 2148 474 2177 et
489 2144 636 2177 omnibus
650 2170 655 2176 .
670 2145 741 2177 aliis
757 2144 958 2177 libertatibus
974 2156 1035 2187 quo
1051 2145 1213 2187 quondam
1229 2143 1327 2176 habui
1344 2148 1375 2175 et
1390 2144 1480 2175 tenui
1492 2143 1542 2174 vel
1559 2143 1674 2175 habere

208 2213 299 2256 potui
315 2214 354 2245 de
370 2213 462 2245 dietis
479 2239 485 2245 .
505 2239 511 2245 .
529 2212 644 2245 abbate
660 2216 691 2245 et
712 2213 882 2245 conventui
902 2214 941 2245 de
964 2213 1131 2245 MARGAM.
1178 2212 1232 2244 Ita
1253 2212 1337 2254 quod
1357 2223 1415 2244 neo
1436 2223 1496 2254 ego
1515 2212 1675 2253 predictus

207 2282 390 2314 JOHANNES
406 2293 463 2314 nee
479 2282 594 2324 aliquis
613 2281 767 2314 heredum
788 2293 932 2314 meorum
949 2284 980 2314 et
1001 2281 1236 2324 assignatorum
1255 2281 1377 2322 aliquid
1398 2280 1480 2323 juris
1496 2280 1545 2312 vel
1569 2280 1674 2311 olnmii
