1820 2548
1494 175 1555 206 841

177 329 300 361 Avene.
349 328 442 361 Idem
456 329 627 371 respondet
642 329 681 360 de
698 340 752 360 xv.
770 329 939 371 quarteriis
954 340 1053 361 avene
1075 329 1209 371 receptis
1224 330 1263 361 de
1287 329 1371 362 dicto
1388 329 1530 361 PAGANo
1544 341 1600 372 per

136 397 351 429 indenturam.
398 396 531 429 Summa
546 408 600 428 xv.
618 397 787 439 quarteria.
835 397 880 429 Et
895 400 1064 429 remanent
1079 408 1134 429 xv.
1153 397 1313 439 quarteria
1328 408 1436 430 avene.

764 491 976 523 INSTAURDM.

180 565 275 598 Astri.
323 565 416 598 Idem
430 566 599 608 respondet
615 567 655 598 de
671 577 710 598 15.
728 566 817 598 affris
832 566 966 608 receptis
981 566 1021 598 de
1042 565 1127 597 dicto
1143 565 1285 597 PAGANo
1303 577 1360 607 per
1382 565 1598 597 indenturam.

137 633 271 666 Summa
286 645 325 666 15.
372 633 416 666 Et
433 634 608 666 mittuntur
623 634 709 676 apud
721 633 974 666 LANBLETHIAN
991 645 1030 665 15.
1053 633 1218 676 respondit
1236 634 1302 675 (sic)
1320 634 1361 666 de
1379 634 1507 666 eisdem.
1554 633 1601 665 Et

136 701 217 734 m‘hil
232 704 376 734 remanet
391 702 451 734 hie.

180 770 291 803 Vacce.
330 770 376 802 Et
388 771 427 802 de
440 781 486 802 1x.
503 770 605 802 vaccis
616 770 750 813 receptis
761 771 800 802 de
812 771 897 802 dicto
914 770 1057 802 Pit-..mo
1069 781 1126 813 per
1140 770 1355 802 indenturam.
1403 770 1536 802 Summa
1552 781 1598 802 lx.

135 837 181 870 Et
196 838 371 871 mittuntur
386 840 472 881 apud
488 838 623 871 Rima.
669 839 715 871 Et
730 839 812 870 nihil
828 841 972 871 remanet
987 838 1048 871 hio.

179 906 318 939 Bovetti.
374 907 420 939 Et
449 908 489 939 de
520 918 573 939 11-1.
607 907 744 939 bovettis
775 908 908 949 receptis
938 908 977 939 de
1008 908 1093 940 dicto
1123 907 1265 940 PAGANO
1294 919 1352 950 per
1381 908 1597 940 indentmam.

134 975 268 1007 Summa.
284 987 336 1008 115.
383 975 429 1007 Et
444 976 619 1008 mittuntur
633 976 720 1018 apud
736 976 869 1008 Rima.
917 976 962 1008 Et
979 976 1061 1008 nihil
1077 978 1220 1008 remanet
1235 975 1295 1008 hic.

178 1044 370 1086 Esperverii.
416 1044 462 1076 Et
477 1045 517 1076 de
533 1055 571 1076 15.
590 1044 774 1086 esperveriis
790 1043 1050 1086 provenientibus
1065 1045 1104 1076 de
1119 1044 1205 1076 aeria
1227 1044 1261 1076 in
1283 1043 1377 1076 bosco
1400 1044 1439 1076 de
1462 1044 1599 1076 Nmmx.

137 1112 270 1145 Summa
286 1124 324 1145 15.
371 1113 417 1145 Et
433 1114 618 1145 venduntur
632 1115 669 1145 ut
685 1113 781 1145 infra.
827 1112 873 1145 Et
889 1113 972 1144 nihil
992 1116 1144 1145 remanet.

178 1182 324 1214 Ferrum.
371 1182 416 1214 Et
438 1183 478 1214 de
501 1193 539 1214 Π.
565 1182 697 1214 summis
720 1181 796 1214 ferri
820 1182 1082 1224 provenientibus
1104 1183 1144 1214 de
1166 1193 1231 1214 uno
1254 1181 1345 1214 fabro
1367 1181 1545 1214 fabricante
1568 1182 1603 1214 in

135 1250 255 1282 foresta
277 1251 316 1282 de
339 1250 465 1283 Nmzm
488 1254 520 1282 et
542 1262 607 1282 non
630 1251 703 1293 plus
725 1251 801 1293 quia
823 1251 931 1293 plures
955 1250 1039 1283 fabri
1061 1262 1126 1282 non
1150 1250 1389 1282 fabricaverunt
1410 1249 1530 1282 ibidem
1545 1261 1602 1293 per

136 1319 222 1351 idem
232 1322 358 1361 tempus
370 1331 464 1352 causa
475 1331 598 1362 guerre.
638 1319 772 1352 Summa
784 1330 822 1351 15.
864 1319 909 1351 Et
922 1320 1107 1351 venduntur
1118 1321 1155 1351 ut
1165 1319 1260 1351 infra.
1299 1319 1345 1351 Et
1356 1319 1439 1350 nihil
1449 1322 1601 1351 remanet.

179 1388 278 1420 Disci.
325 1388 370 1420 Et
392 1389 432 1420 de
455 1399 499 1420 cc.
524 1388 617 1420 discis
646 1388 780 1430 receptis
811 1389 851 1420 de
883 1388 1022 1420 exitibus
1054 1388 1137 1420 dicte
1162 1388 1278 1420 foreste
1304 1388 1344 1419 de
1368 1398 1432 1420 uno
1460 1387 1604 1420 turnario

138 1459 287 1498 operante
302 1456 420 1489 ibidem
436 1468 493 1499 per
507 1457 593 1489 idem
609 1459 735 1499 tempus
751 1459 782 1489 et
798 1467 862 1488 non
879 1456 951 1498 plus
967 1468 1061 1488 causa
1076 1467 1199 1499 guerre.

773 1550 959 1582 Bmmom.

181 1622 285 1665 Opera
310 1624 540 1666 autumpnalia.
602 1624 695 1656 Idem
724 1624 894 1667 respondet
931 1625 971 1656 de
1010 1635 1126 1657 mntw.
1160 1624 1307 1667 operibus
1337 1623 1601 1666 autumpnalibus

136 1691 395 1734 provenientibus
410 1693 450 1724 de
465 1693 655 1725 tenementis
670 1694 757 1736 apud
772 1693 930 1725 Brittone.
977 1693 1111 1725 Summa
1134 1704 1250 1725 Lxxw.
1297 1692 1343 1725 Et
1365 1693 1548 1724 venduntur
1563 1693 1601 1724 ut

136 1759 230 1791 infra.
277 1759 322 1792 Et
338 1760 419 1792 nihil
434 1763 587 1793 remanet.

284 2348 335 2375 51³
