<?xml version="1.0" encoding="UTF-8"?>
<!DOCTYPE html PUBLIC "-//W3C//DTD XHTML 1.0 Transitional//EN"
    "http://www.w3.org/TR/xhtml1/DTD/xhtml1-transitional.dtd">
<html xmlns="http://www.w3.org/1999/xhtml" xml:lang="en" lang="en">
 <head>
  <title>
</title>
<meta http-equiv="Content-Type" content="text/html;charset=utf-8" />
  <meta name='ocr-system' content='tesseract 3.04.00' />
  <meta name='ocr-capabilities' content='ocr_page ocr_carea ocr_par ocr_line ocrx_word'/>
</head>
<body>
  <div class='ocr_page' id='page_1' title='image "./cartaeetaliamuni03claruoft_0089.png"; bbox 0 0 1820 2548; ppageno 0'>
   <div class='ocr_carea' id='block_1_1' title="bbox 1552 165 1612 196">
    <p class='ocr_par' dir='ltr' id='par_1_1' title="bbox 1552 165 1612 196">
     <span class='ocr_line' id='line_1_1' title="bbox 1552 165 1612 196; baseline -0.017 0"><span class='ocrx_word' id='word_1_1' title='bbox 1552 165 1612 196; x_wconf 80' lang='lat'>791</span> 
     </span>
    </p>
   </div>
   <div class='ocr_carea' id='block_1_2' title="bbox 193 320 1655 426">
    <p class='ocr_par' dir='ltr' id='par_1_2' title="bbox 193 320 1655 426">
     <span class='ocr_line' id='line_1_2' title="bbox 193 320 1655 364; baseline -0.002 -8"><span class='ocrx_word' id='word_1_2' title='bbox 193 325 309 357; x_wconf 71' lang='lat' dir='ltr'>vicario</span> <span class='ocrx_word' id='word_1_3' title='bbox 339 325 378 356; x_wconf 88' lang='lat' dir='ltr'>de</span> <span class='ocrx_word' id='word_1_4' title='bbox 404 322 574 355; x_wconf 56' lang='lat' dir='ltr'>szmmo</span> <span class='ocrx_word' id='word_1_5' title='bbox 606 348 613 355; x_wconf 87' lang='lat'><strong>.</strong></span> <span class='ocrx_word' id='word_1_6' title='bbox 646 322 806 355; x_wconf 70' lang='lat' dir='ltr'>Rommo</span> <span class='ocrx_word' id='word_1_7' title='bbox 836 321 1009 364; x_wconf 79' lang='lat' dir='ltr'>presbitero</span> <span class='ocrx_word' id='word_1_8' title='bbox 1039 322 1110 364; x_wconf 85' lang='lat' dir='ltr'>ejus</span> <span class='ocrx_word' id='word_1_9' title='bbox 1134 347 1140 353; x_wconf 87' lang='lat'><em>.</em></span> <span class='ocrx_word' id='word_1_10' title='bbox 1165 320 1280 364; x_wconf 56' lang='lat' dir='ltr'>An[i]</span> <span class='ocrx_word' id='word_1_11' title='bbox 1314 320 1483 352; x_wconf 74' lang='lat' dir='ltr'>HARDmG</span> <span class='ocrx_word' id='word_1_12' title='bbox 1509 347 1514 352; x_wconf 94' lang='lat'>.</span> <span class='ocrx_word' id='word_1_13' title='bbox 1540 320 1655 363; x_wconf 45' lang='lat' dir='ltr'>Anba]</span> 
     </span>
     <span class='ocr_line' id='line_1_3' title="bbox 194 389 1450 426; baseline -0.003 -1"><span class='ocrx_word' id='word_1_14' title='bbox 194 393 402 426; x_wconf 77' lang='lat' dir='ltr'>WAREMOTH</span> <span class='ocrx_word' id='word_1_15' title='bbox 419 417 425 423; x_wconf 90' lang='lat'>.</span> <span class='ocrx_word' id='word_1_16' title='bbox 442 391 632 423; x_wconf 62' lang='lat' dir='ltr'>stnnmo</span> <span class='ocrx_word' id='word_1_17' title='bbox 648 391 775 423; x_wconf 83' lang='lat' dir='ltr'>scissore</span> <span class='ocrx_word' id='word_1_18' title='bbox 793 417 799 423; x_wconf 88' lang='lat'><strong><em>.</em></strong></span> <span class='ocrx_word' id='word_1_19' title='bbox 815 391 969 423; x_wconf 77' lang='lat' dir='ltr'>RICARDO</span> <span class='ocrx_word' id='word_1_20' title='bbox 984 391 1014 422; x_wconf 84' lang='lat' dir='ltr'>le</span> <span class='ocrx_word' id='word_1_21' title='bbox 1029 390 1156 422; x_wconf 76' lang='lat' dir='ltr'><strong>ORMAN</strong></span> <span class='ocrx_word' id='word_1_22' title='bbox 1175 416 1181 421; x_wconf 93' lang='lat'>.</span> <span class='ocrx_word' id='word_1_23' title='bbox 1198 392 1230 422; x_wconf 86' lang='lat' dir='ltr'>et</span> <span class='ocrx_word' id='word_1_24' title='bbox 1245 390 1355 422; x_wconf 88' lang='lat' dir='ltr'>multis</span> <span class='ocrx_word' id='word_1_25' title='bbox 1371 389 1450 421; x_wconf 83' lang='lat' dir='ltr'>aliis.</span> 
     </span>
    </p>
   </div>
   <div class='ocr_carea' id='block_1_3' title="bbox 237 461 1152 531">
    <p class='ocr_par' dir='ltr' id='par_1_3' title="bbox 237 461 1152 531">
     <span class='ocr_line' id='line_1_4' title="bbox 237 461 1152 531; baseline -0.001 -7"><span class='ocrx_word' id='word_1_26' title='bbox 237 461 310 494; x_wconf 66' lang='lat' dir='ltr'>seal</span> <span class='ocrx_word' id='word_1_27' title='bbox 325 463 479 502; x_wconf 47' lang='lat' dir='ltr'>wantmg·</span> <span class='ocrx_word' id='word_1_28' title='bbox 700 503 736 531; x_wconf 84' lang='lat'>(1)</span> <span class='ocrx_word' id='word_1_29' title='bbox 770 503 817 525; x_wconf 74' lang='lat' dir='ltr'>Cur.</span> <span class='ocrx_word' id='word_1_30' title='bbox 829 502 937 531; x_wconf 75' lang='lat' dir='ltr'>through</span> <span class='ocrx_word' id='word_1_31' title='bbox 948 503 980 531; x_wconf 83' lang='lat' dir='ltr'>by</span> <span class='ocrx_word' id='word_1_32' title='bbox 992 502 1152 524; x_wconf 74' lang='lat' dir='ltr'>indentatiou.</span> 
     </span>
    </p>
   </div>
   <div class='ocr_carea' id='block_1_4' title="bbox 818 657 1040 691">
    <p class='ocr_par' dir='ltr' id='par_1_4' title="bbox 818 657 1040 691">
     <span class='ocr_line' id='line_1_5' title="bbox 818 657 1040 691; baseline -0.009 0"><span class='ocrx_word' id='word_1_33' title='bbox 818 657 1040 691; x_wconf 84' lang='lat' dir='ltr'>DCCXXIV.</span> 
     </span>
    </p>
   </div>
   <div class='ocr_carea' id='block_1_5' title="bbox 197 738 1661 841">
    <p class='ocr_par' dir='ltr' id='par_1_5' title="bbox 197 738 1661 841">
     <span class='ocr_line' id='line_1_6' title="bbox 197 738 1661 779; baseline -0.002 -6"><span class='ocrx_word' id='word_1_34' title='bbox 197 741 358 774; x_wconf 80' lang='lat' dir='ltr'><strong>GRANT</strong></span> <span class='ocrx_word' id='word_1_35' title='bbox 388 740 453 773; x_wconf 85' lang='lat' dir='ltr'>BY</span> <span class='ocrx_word' id='word_1_36' title='bbox 483 740 722 779; x_wconf 79' lang='lat' dir='ltr'>HEREERT,</span> <span class='ocrx_word' id='word_1_37' title='bbox 753 739 841 772; x_wconf 88' lang='lat' dir='ltr'>SON</span> <span class='ocrx_word' id='word_1_38' title='bbox 873 740 932 772; x_wconf 90' lang='lat' dir='ltr'>OF</span> <span class='ocrx_word' id='word_1_39' title='bbox 969 739 1163 778; x_wconf 79' lang='lat' dir='ltr'>TURKIL,</span> <span class='ocrx_word' id='word_1_40' title='bbox 1195 738 1254 770; x_wconf 90' lang='lat' dir='ltr'>OF</span> <span class='ocrx_word' id='word_1_41' title='bbox 1284 738 1317 770; x_wconf 92' lang='lat' dir='ltr'>A</span> <span class='ocrx_word' id='word_1_42' title='bbox 1348 738 1576 770; x_wconf 78' lang='lat' dir='ltr'><strong>BURGAGE</strong></span> <span class='ocrx_word' id='word_1_43' title='bbox 1608 738 1661 770; x_wconf 87' lang='lat' dir='ltr'>IN</span> 
     </span>
     <span class='ocr_line' id='line_1_7' title="bbox 551 808 1306 841; baseline -0.001 0"><span class='ocrx_word' id='word_1_44' title='bbox 551 808 759 841; x_wconf 85' lang='lat' dir='ltr'><strong>GARDIFF</strong></span> <span class='ocrx_word' id='word_1_45' title='bbox 796 808 853 841; x_wconf 87' lang='grc' dir='ltr'>ΤΟ</span> <span class='ocrx_word' id='word_1_46' title='bbox 889 808 1097 840; x_wconf 78' lang='lat' dir='ltr'>MARGAM</span> <span class='ocrx_word' id='word_1_47' title='bbox 1135 808 1306 840; x_wconf 86' lang='lat' dir='ltr'><strong>ABBEY.</strong></span> 
     </span>
    </p>
   </div>
   <div class='ocr_carea' id='block_1_6' title="bbox 739 890 1129 933">
    <p class='ocr_par' dir='ltr' id='par_1_6' title="bbox 739 890 1129 933">
     <span class='ocr_line' id='line_1_8' title="bbox 739 890 1129 933; baseline 0 -11"><span class='ocrx_word' id='word_1_48' title='bbox 739 890 912 933; x_wconf 76' lang='lat' dir='ltr'>[MARGAM</span> <span class='ocrx_word' id='word_1_49' title='bbox 937 890 1129 933; x_wconf 61' lang='lat' dir='ltr'>CHARTER]</span> 
     </span>
    </p>
   </div>
   <div class='ocr_carea' id='block_1_7' title="bbox 197 971 1672 1357">
    <p class='ocr_par' dir='ltr' id='par_1_7' title="bbox 197 971 1672 1357">
     <span class='ocr_line' id='line_1_9' title="bbox 240 971 1669 1015; baseline -0.002 -10"><span class='ocrx_word' id='word_1_50' title='bbox 240 972 351 1005; x_wconf 78' lang='lat' dir='ltr'>Sciant</span> <span class='ocrx_word' id='word_1_51' title='bbox 367 984 475 1005; x_wconf 89' lang='lat' dir='ltr'>omnes</span> <span class='ocrx_word' id='word_1_52' title='bbox 491 975 651 1015; x_wconf 75' lang='lat' dir='ltr'>presentes</span> <span class='ocrx_word' id='word_1_53' title='bbox 666 975 698 1004; x_wconf 87' lang='lat' dir='ltr'>et</span> <span class='ocrx_word' id='word_1_54' title='bbox 723 972 826 1004; x_wconf 69' lang='lat' dir='ltr'>futiu&#39;i</span> <span class='ocrx_word' id='word_1_55' title='bbox 849 973 933 1014; x_wconf 90' lang='lat' dir='ltr'>quod</span> <span class='ocrx_word' id='word_1_56' title='bbox 958 972 1190 1003; x_wconf 80' lang='lat' dir='ltr'><strong>HEREBERTUS</strong></span> <span class='ocrx_word' id='word_1_57' title='bbox 1214 972 1298 1004; x_wconf 86' lang='lat' dir='ltr'>filius</span> <span class='ocrx_word' id='word_1_58' title='bbox 1321 971 1460 1003; x_wconf 77' lang='lat' dir='ltr'>TURmL</span> <span class='ocrx_word' id='word_1_59' title='bbox 1478 997 1483 1002; x_wconf 95' lang='lat'>.</span> <span class='ocrx_word' id='word_1_60' title='bbox 1501 971 1669 1013; x_wconf 87' lang='lat' dir='ltr'>burgensis</span> 
     </span>
     <span class='ocr_line' id='line_1_10' title="bbox 203 1040 1668 1084; baseline -0.001 -11"><span class='ocrx_word' id='word_1_61' title='bbox 203 1042 242 1073; x_wconf 88' lang='lat' dir='ltr'>de</span> <span class='ocrx_word' id='word_1_62' title='bbox 258 1040 434 1084; x_wconf 64' lang='lat' dir='ltr'>KARDDF]</span> <span class='ocrx_word' id='word_1_63' title='bbox 455 1067 461 1072; x_wconf 94' lang='lat'>.</span> <span class='ocrx_word' id='word_1_64' title='bbox 479 1041 556 1073; x_wconf 86' lang='lat' dir='ltr'>emit</span> <span class='ocrx_word' id='word_1_65' title='bbox 571 1040 767 1083; x_wconf 71' lang='lat' dir='ltr'>burgagium</span> <span class='ocrx_word' id='word_1_66' title='bbox 782 1041 816 1073; x_wconf 87' lang='lat' dir='ltr'>in</span> <span class='ocrx_word' id='word_1_67' title='bbox 832 1041 909 1073; x_wconf 83' lang='lat' dir='ltr'>villa</span> <span class='ocrx_word' id='word_1_68' title='bbox 925 1042 964 1073; x_wconf 87' lang='lat' dir='ltr'>de</span> <span class='ocrx_word' id='word_1_69' title='bbox 981 1040 1156 1083; x_wconf 82' lang='lat' dir='ltr'><strong>KARD[1F]</strong></span> <span class='ocrx_word' id='word_1_70' title='bbox 1175 1042 1215 1072; x_wconf 85' lang='lat' dir='ltr'>de</span> <span class='ocrx_word' id='word_1_71' title='bbox 1232 1040 1430 1073; x_wconf 75' lang='lat' dir='ltr'>GonEFRmO</span> <span class='ocrx_word' id='word_1_72' title='bbox 1453 1041 1519 1072; x_wconf 88' lang='lat' dir='ltr'>filio</span> <span class='ocrx_word' id='word_1_73' title='bbox 1542 1040 1668 1071; x_wconf 54' lang='lat' dir='ltr'>Ennmx·</span> 
     </span>
     <span class='ocr_line' id='line_1_11' title="bbox 197 1109 1669 1151; baseline -0.001 -10"><span class='ocrx_word' id='word_1_74' title='bbox 197 1109 333 1141; x_wconf 83' lang='lat' dir='ltr'>liberum</span> <span class='ocrx_word' id='word_1_75' title='bbox 349 1112 381 1141; x_wconf 87' lang='lat' dir='ltr'>et</span> <span class='ocrx_word' id='word_1_76' title='bbox 397 1110 541 1151; x_wconf 88' lang='lat' dir='ltr'>quietum</span> <span class='ocrx_word' id='word_1_77' title='bbox 559 1109 599 1141; x_wconf 79' lang='lat' dir='ltr'>ab</span> <span class='ocrx_word' id='word_1_78' title='bbox 623 1110 709 1141; x_wconf 89' lang='lat' dir='ltr'>omni</span> <span class='ocrx_word' id='word_1_79' title='bbox 725 1109 856 1141; x_wconf 84' lang='lat' dir='ltr'>servitio</span> <span class='ocrx_word' id='word_1_80' title='bbox 875 1135 880 1140; x_wconf 95' lang='lat'>.</span> <span class='ocrx_word' id='word_1_81' title='bbox 898 1112 929 1141; x_wconf 92' lang='lat' dir='ltr'>et</span> <span class='ocrx_word' id='word_1_82' title='bbox 949 1110 1113 1141; x_wconf 78' lang='lat' dir='ltr'>exactione</span> <span class='ocrx_word' id='word_1_83' title='bbox 1137 1109 1269 1142; x_wconf 83' lang='lat' dir='ltr'>seculari</span> <span class='ocrx_word' id='word_1_84' title='bbox 1288 1135 1294 1140; x_wconf 86' lang='lat'><strong>.</strong></span> <span class='ocrx_word' id='word_1_85' title='bbox 1312 1112 1344 1142; x_wconf 88' lang='lat' dir='ltr'>et</span> <span class='ocrx_word' id='word_1_86' title='bbox 1366 1110 1452 1141; x_wconf 88' lang='lat' dir='ltr'>idem</span> <span class='ocrx_word' id='word_1_87' title='bbox 1475 1109 1669 1151; x_wconf 81' lang='lat' dir='ltr'>burgagium</span> 
     </span>
     <span class='ocr_line' id='line_1_12' title="bbox 200 1177 1669 1220; baseline -0.001 -10"><span class='ocrx_word' id='word_1_88' title='bbox 200 1179 278 1210; x_wconf 78' lang='lat' dir='ltr'>adeo</span> <span class='ocrx_word' id='word_1_89' title='bbox 293 1178 430 1210; x_wconf 74' lang='lat' dir='ltr'>Liberum</span> <span class='ocrx_word' id='word_1_90' title='bbox 442 1181 474 1210; x_wconf 87' lang='lat' dir='ltr'>et</span> <span class='ocrx_word' id='word_1_91' title='bbox 486 1178 631 1220; x_wconf 79' lang='lat' dir='ltr'>quietum</span> <span class='ocrx_word' id='word_1_92' title='bbox 644 1178 732 1210; x_wconf 84' lang='lat' dir='ltr'>dedit</span> <span class='ocrx_word' id='word_1_93' title='bbox 744 1177 853 1210; x_wconf 77' lang='lat' dir='ltr'>abbati</span> <span class='ocrx_word' id='word_1_94' title='bbox 870 1181 900 1210; x_wconf 86' lang='lat' dir='ltr'>et</span> <span class='ocrx_word' id='word_1_95' title='bbox 912 1178 1038 1210; x_wconf 72' lang='lat' dir='ltr'>ecclesie</span> <span class='ocrx_word' id='word_1_96' title='bbox 1051 1179 1090 1210; x_wconf 87' lang='lat' dir='ltr'>de</span> <span class='ocrx_word' id='word_1_97' title='bbox 1100 1178 1254 1210; x_wconf 75' lang='lat' dir='ltr'>MARGAN</span> <span class='ocrx_word' id='word_1_98' title='bbox 1270 1203 1276 1209; x_wconf 92' lang='lat'>.</span> <span class='ocrx_word' id='word_1_99' title='bbox 1290 1178 1348 1210; x_wconf 74' lang='lat' dir='ltr'>tali</span> <span class='ocrx_word' id='word_1_100' title='bbox 1358 1178 1476 1210; x_wconf 83' lang='lat' dir='ltr'>scilieet</span> <span class='ocrx_word' id='word_1_101' title='bbox 1488 1178 1669 1210; x_wconf 81' lang='lat' dir='ltr'>conditione</span> 
     </span>
     <span class='ocr_line' id='line_1_13' title="bbox 197 1246 1671 1289; baseline 0 -11"><span class='ocrx_word' id='word_1_102' title='bbox 197 1251 235 1279; x_wconf 86' lang='lat' dir='ltr'>ut</span> <span class='ocrx_word' id='word_1_103' title='bbox 249 1247 317 1289; x_wconf 88' lang='lat' dir='ltr'>ipse</span> <span class='ocrx_word' id='word_1_104' title='bbox 333 1250 363 1278; x_wconf 87' lang='lat' dir='ltr'>et</span> <span class='ocrx_word' id='word_1_105' title='bbox 379 1247 511 1278; x_wconf 84' lang='lat' dir='ltr'>heredes</span> <span class='ocrx_word' id='word_1_106' title='bbox 527 1247 576 1279; x_wconf 89' lang='lat' dir='ltr'>sui</span> <span class='ocrx_word' id='word_1_107' title='bbox 591 1246 690 1278; x_wconf 90' lang='lat' dir='ltr'>libere</span> <span class='ocrx_word' id='word_1_108' title='bbox 706 1249 737 1279; x_wconf 87' lang='lat' dir='ltr'>et</span> <span class='ocrx_word' id='word_1_109' title='bbox 752 1247 860 1288; x_wconf 88' lang='lat' dir='ltr'>quiete</span> <span class='ocrx_word' id='word_1_110' title='bbox 876 1247 958 1278; x_wconf 73' lang='lat' dir='ltr'>illud</span> <span class='ocrx_word' id='word_1_111' title='bbox 974 1251 1105 1279; x_wconf 83' lang='lat' dir='ltr'>teneant</span> <span class='ocrx_word' id='word_1_112' title='bbox 1123 1273 1128 1278; x_wconf 92' lang='lat'><em>.</em></span> <span class='ocrx_word' id='word_1_113' title='bbox 1148 1248 1187 1278; x_wconf 85' lang='lat' dir='ltr'>de</span> <span class='ocrx_word' id='word_1_114' title='bbox 1211 1247 1341 1279; x_wconf 81' lang='lat' dir='ltr'>ecclesia</span> <span class='ocrx_word' id='word_1_115' title='bbox 1359 1272 1365 1278; x_wconf 88' lang='lat'>.</span> <span class='ocrx_word' id='word_1_116' title='bbox 1383 1250 1415 1278; x_wconf 88' lang='lat' dir='ltr'>et</span> <span class='ocrx_word' id='word_1_117' title='bbox 1432 1250 1562 1288; x_wconf 79' lang='lat' dir='ltr'>excepto</span> <span class='ocrx_word' id='word_1_118' title='bbox 1585 1247 1671 1288; x_wconf 87' lang='lat' dir='ltr'>quod</span> 
     </span>
     <span class='ocr_line' id='line_1_14' title="bbox 201 1314 1672 1357; baseline 0.001 -11"><span class='ocrx_word' id='word_1_119' title='bbox 201 1326 361 1347; x_wconf 88' lang='lat' dir='ltr'>vomerem</span> <span class='ocrx_word' id='word_1_120' title='bbox 378 1326 479 1346; x_wconf 89' lang='lat' dir='ltr'>unum</span> <span class='ocrx_word' id='word_1_121' title='bbox 496 1315 632 1357; x_wconf 71' lang='lat' dir='ltr'>singulis</span> <span class='ocrx_word' id='word_1_122' title='bbox 644 1315 737 1347; x_wconf 77' lang='lat' dir='ltr'>annis</span> <span class='ocrx_word' id='word_1_123' title='bbox 749 1314 818 1347; x_wconf 93' lang='lat' dir='ltr'>Deo</span> <span class='ocrx_word' id='word_1_124' title='bbox 834 1316 969 1347; x_wconf 88' lang='lat' dir='ltr'>reddent</span> <span class='ocrx_word' id='word_1_125' title='bbox 986 1318 1017 1347; x_wconf 89' lang='lat' dir='ltr'>et</span> <span class='ocrx_word' id='word_1_126' title='bbox 1030 1316 1166 1347; x_wconf 78' lang='lat' dir='ltr'>ecclesie.</span> <span class='ocrx_word' id='word_1_127' title='bbox 1215 1315 1311 1350; x_wconf 80' lang='lat' dir='ltr'>Quod</span> <span class='ocrx_word' id='word_1_128' title='bbox 1327 1315 1353 1347; x_wconf 91' lang='lat' dir='ltr'>si</span> <span class='ocrx_word' id='word_1_129' title='bbox 1366 1315 1475 1357; x_wconf 71' lang='lat' dir='ltr'>aliqua</span> <span class='ocrx_word' id='word_1_130' title='bbox 1486 1315 1672 1347; x_wconf 77' lang='lat' dir='ltr'>necessitate</span> 
     </span>
    </p>
   </div>
   <div class='ocr_carea' id='block_1_8' title="bbox 201 1383 1672 1425">
    <p class='ocr_par' dir='ltr' id='par_1_8' title="bbox 201 1383 1672 1425">
     <span class='ocr_line' id='line_1_15' title="bbox 201 1383 1672 1425; baseline 0.001 -11"><span class='ocrx_word' id='word_1_131' title='bbox 201 1383 385 1425; x_wconf 68' lang='lat' dir='ltr'>oompulsus</span> <span class='ocrx_word' id='word_1_132' title='bbox 400 1383 482 1414; x_wconf 76' lang='lat' dir='ltr'>illud</span> <span class='ocrx_word' id='word_1_133' title='bbox 498 1383 634 1415; x_wconf 87' lang='lat' dir='ltr'>vendere</span> <span class='ocrx_word' id='word_1_134' title='bbox 650 1383 786 1415; x_wconf 85' lang='lat' dir='ltr'>voluerit</span> <span class='ocrx_word' id='word_1_135' title='bbox 801 1383 942 1425; x_wconf 83' lang='lat' dir='ltr'>primum</span> <span class='ocrx_word' id='word_1_136' title='bbox 958 1383 1066 1416; x_wconf 77' lang='lat' dir='ltr'>abbati</span> <span class='ocrx_word' id='word_1_137' title='bbox 1081 1387 1112 1415; x_wconf 84' lang='lat' dir='ltr'>et</span> <span class='ocrx_word' id='word_1_138' title='bbox 1125 1384 1251 1416; x_wconf 78' lang='lat' dir='ltr'>ecclesie</span> <span class='ocrx_word' id='word_1_139' title='bbox 1267 1384 1382 1416; x_wconf 83' lang='lat' dir='ltr'>offerre</span> <span class='ocrx_word' id='word_1_140' title='bbox 1395 1383 1488 1415; x_wconf 84' lang='lat' dir='ltr'>debet</span> <span class='ocrx_word' id='word_1_141' title='bbox 1507 1409 1513 1415; x_wconf 92' lang='lat'><em>.</em></span> <span class='ocrx_word' id='word_1_142' title='bbox 1531 1386 1562 1415; x_wconf 85' lang='lat' dir='ltr'>et</span> <span class='ocrx_word' id='word_1_143' title='bbox 1578 1395 1672 1425; x_wconf 88' lang='lat' dir='ltr'>super</span> 
     </span>
    </p>
   </div>
   <div class='ocr_carea' id='block_1_9' title="bbox 205 1451 924 1552">
    <p class='ocr_par' dir='ltr' id='par_1_9' title="bbox 205 1451 924 1552">
     <span class='ocr_line' id='line_1_16' title="bbox 205 1451 568 1494; baseline -0.003 -10"><span class='ocrx_word' id='word_1_144' title='bbox 205 1451 263 1484; x_wconf 84' lang='lat' dir='ltr'>hoo</span> <span class='ocrx_word' id='word_1_145' title='bbox 279 1452 350 1494; x_wconf 86' lang='lat' dir='ltr'>ejus</span> <span class='ocrx_word' id='word_1_146' title='bbox 366 1451 414 1484; x_wconf 89' lang='lat' dir='ltr'>uti</span> <span class='ocrx_word' id='word_1_147' title='bbox 429 1451 568 1484; x_wconf 75' lang='lat' dir='ltr'>consilio.</span> 
     </span>
     <span class='ocr_line' id='line_1_17' title="bbox 248 1519 924 1552; baseline 0 0"><span class='ocrx_word' id='word_1_148' title='bbox 248 1520 399 1552; x_wconf 84' lang='lat' dir='ltr'>Eutitled</span> <span class='ocrx_word' id='word_1_149' title='bbox 407 1523 451 1543; x_wconf 79' lang='lat'>-‘</span> <span class='ocrx_word' id='word_1_150' title='bbox 463 1520 559 1552; x_wconf 75' lang='lat' dir='ltr'>Casta</span> <span class='ocrx_word' id='word_1_151' title='bbox 575 1519 749 1552; x_wconf 82' lang='lat' dir='ltr'>Hereberti</span> <span class='ocrx_word' id='word_1_152' title='bbox 765 1519 924 1552; x_wconf 81' lang='lat' dir='ltr'>Thurkfl.’</span> 
     </span>
    </p>
   </div>
   <div class='ocr_carea' id='block_1_10' title="bbox 836 1690 1038 1723">
    <p class='ocr_par' dir='ltr' id='par_1_10' title="bbox 836 1690 1038 1723">
     <span class='ocr_line' id='line_1_18' title="bbox 836 1690 1038 1723; baseline 0 0"><span class='ocrx_word' id='word_1_153' title='bbox 836 1690 1038 1723; x_wconf 88' lang='lat' dir='ltr'>DCCXXV.</span> 
     </span>
    </p>
   </div>
   <div class='ocr_carea' id='block_1_11' title="bbox 207 1769 1672 1805">
    <p class='ocr_par' dir='ltr' id='par_1_11' title="bbox 207 1769 1672 1805">
     <span class='ocr_line' id='line_1_19' title="bbox 207 1769 1672 1805; baseline 0.002 -4"><span class='ocrx_word' id='word_1_154' title='bbox 207 1769 368 1802; x_wconf 81' lang='lat' dir='ltr'><strong>GRANT</strong></span> <span class='ocrx_word' id='word_1_155' title='bbox 400 1770 464 1802; x_wconf 90' lang='lat' dir='ltr'>BY</span> <span class='ocrx_word' id='word_1_156' title='bbox 495 1770 683 1803; x_wconf 81' lang='lat' dir='ltr'>ROBERT</span> <span class='ocrx_word' id='word_1_157' title='bbox 713 1771 777 1804; x_wconf 88' lang='lat' dir='ltr'>DE</span> <span class='ocrx_word' id='word_1_158' title='bbox 815 1772 1034 1804; x_wconf 83' lang='lat' dir='ltr'><strong>KAERDIF</strong></span> <span class='ocrx_word' id='word_1_159' title='bbox 1072 1772 1131 1805; x_wconf 90' lang='lat' dir='ltr'>OF</span> <span class='ocrx_word' id='word_1_160' title='bbox 1167 1773 1235 1805; x_wconf 85' lang='lat' dir='ltr'>AN</span> <span class='ocrx_word' id='word_1_161' title='bbox 1266 1772 1471 1805; x_wconf 83' lang='lat' dir='ltr'>ANNUAL</span> <span class='ocrx_word' id='word_1_162' title='bbox 1509 1771 1672 1804; x_wconf 90' lang='lat' dir='ltr'><strong>POUND</strong></span> 
     </span>
    </p>
   </div>
   <div class='ocr_carea' id='block_1_12' title="bbox 316 1838 1672 1874">
    <p class='ocr_par' dir='ltr' id='par_1_12' title="bbox 316 1838 1672 1874">
     <span class='ocr_line' id='line_1_20' title="bbox 316 1838 1672 1874; baseline 0.001 -4"><span class='ocrx_word' id='word_1_163' title='bbox 316 1838 375 1870; x_wconf 90' lang='lat' dir='ltr'>OF</span> <span class='ocrx_word' id='word_1_164' title='bbox 401 1838 557 1871; x_wconf 84' lang='lat' dir='ltr'>OUMIN</span> <span class='ocrx_word' id='word_1_165' title='bbox 585 1839 715 1872; x_wconf 82' lang='lat' dir='ltr'><strong>FROM</strong></span> <span class='ocrx_word' id='word_1_166' title='bbox 745 1840 778 1872; x_wconf 92' lang='lat' dir='ltr'>A</span> <span class='ocrx_word' id='word_1_167' title='bbox 805 1840 1033 1873; x_wconf 74' lang='lat' dir='ltr'><strong>BURGAGE</strong></span> <span class='ocrx_word' id='word_1_168' title='bbox 1058 1841 1111 1873; x_wconf 91' lang='lat' dir='ltr'>IN</span> <span class='ocrx_word' id='word_1_169' title='bbox 1142 1841 1351 1874; x_wconf 86' lang='lat' dir='ltr'><strong>CARDIFF</strong></span> <span class='ocrx_word' id='word_1_170' title='bbox 1377 1840 1434 1873; x_wconf 84' lang='lat' dir='ltr'>TO</span> <span class='ocrx_word' id='word_1_171' title='bbox 1463 1840 1672 1873; x_wconf 80' lang='lat' dir='ltr'>MARGAM</span> 
     </span>
    </p>
   </div>
   <div class='ocr_carea' id='block_1_13' title="bbox 317 1906 1137 1996">
    <p class='ocr_par' dir='ltr' id='par_1_13' title="bbox 317 1906 1137 1996">
     <span class='ocr_line' id='line_1_21' title="bbox 317 1906 489 1938; baseline 0 0"><span class='ocrx_word' id='word_1_172' title='bbox 317 1906 489 1938; x_wconf 83' lang='lat' dir='ltr'><strong>ABBEY.</strong></span> 
     </span>
     <span class='ocr_line' id='line_1_22' title="bbox 747 1951 1137 1996; baseline 0 -12"><span class='ocrx_word' id='word_1_173' title='bbox 747 1951 920 1994; x_wconf 74' lang='lat' dir='ltr'>[MARGAM</span> <span class='ocrx_word' id='word_1_174' title='bbox 945 1952 1137 1996; x_wconf 67' lang='lat' dir='ltr'>CHARTER]</span> 
     </span>
    </p>
   </div>
   <div class='ocr_carea' id='block_1_14' title="bbox 208 2030 1672 2203">
    <p class='ocr_par' dir='ltr' id='par_1_14' title="bbox 208 2030 1672 2203">
     <span class='ocr_line' id='line_1_23' title="bbox 252 2030 1672 2076; baseline 0.003 -15"><span class='ocrx_word' id='word_1_175' title='bbox 252 2030 411 2062; x_wconf 86' lang='lat' dir='ltr'>Omnibus</span> <span class='ocrx_word' id='word_1_176' title='bbox 427 2030 488 2062; x_wconf 70' lang='lat' dir='ltr'>Gn.</span> <span class='ocrx_word' id='word_1_177' title='bbox 508 2031 530 2062; x_wconf 80' lang='lat' dir='ltr'>f.</span> <span class='ocrx_word' id='word_1_178' title='bbox 549 2031 579 2062; x_wconf 92' lang='lat' dir='ltr'>h.</span> <span class='ocrx_word' id='word_1_179' title='bbox 598 2032 687 2074; x_wconf 75' lang='lat' dir='ltr'>scrip.</span> <span class='ocrx_word' id='word_1_180' title='bbox 706 2043 734 2063; x_wconf 93' lang='lat' dir='ltr'>v.</span> <span class='ocrx_word' id='word_1_181' title='bbox 754 2033 802 2064; x_wconf 77' lang='lat' dir='ltr'>vel</span> <span class='ocrx_word' id='word_1_182' title='bbox 821 2034 979 2065; x_wconf 79' lang='lat' dir='ltr'>audituris</span> <span class='ocrx_word' id='word_1_183' title='bbox 1002 2045 1061 2076; x_wconf 88' lang='lat' dir='ltr'>ego</span> <span class='ocrx_word' id='word_1_184' title='bbox 1086 2033 1265 2066; x_wconf 67' lang='lat' dir='ltr'>Ronmws</span> <span class='ocrx_word' id='word_1_185' title='bbox 1289 2035 1328 2066; x_wconf 87' lang='lat' dir='ltr'>de</span> <span class='ocrx_word' id='word_1_186' title='bbox 1353 2033 1513 2065; x_wconf 67' lang='lat' dir='ltr'><strong>KAERmF</strong></span> <span class='ocrx_word' id='word_1_187' title='bbox 1537 2034 1672 2065; x_wconf 74' lang='lat' dir='ltr'>salutem</span> 
     </span>
     <span class='ocr_line' id='line_1_24' title="bbox 208 2099 407 2131; baseline 0 0"><span class='ocrx_word' id='word_1_188' title='bbox 208 2099 242 2131; x_wconf 89' lang='lat' dir='ltr'>in</span> <span class='ocrx_word' id='word_1_189' title='bbox 258 2099 407 2131; x_wconf 83' lang='lat' dir='ltr'>Domino.</span> 
     </span>
     <span class='ocr_line' id='line_1_25' title="bbox 252 2167 1670 2203; baseline 0.002 -5"><span class='ocrx_word' id='word_1_190' title='bbox 252 2167 387 2199; x_wconf 83' lang='lat' dir='ltr'>Noverit</span> <span class='ocrx_word' id='word_1_191' title='bbox 402 2168 593 2200; x_wconf 82' lang='lat' dir='ltr'>universitas</span> <span class='ocrx_word' id='word_1_192' title='bbox 604 2172 707 2201; x_wconf 80' lang='lat' dir='ltr'>vestra</span> <span class='ocrx_word' id='word_1_193' title='bbox 717 2180 768 2201; x_wconf 88' lang='lat' dir='ltr'>me</span> <span class='ocrx_word' id='word_1_194' title='bbox 784 2170 814 2201; x_wconf 89' lang='lat' dir='ltr'>d.</span> <span class='ocrx_word' id='word_1_195' title='bbox 832 2173 863 2201; x_wconf 83' lang='lat' dir='ltr'>et</span> <span class='ocrx_word' id='word_1_196' title='bbox 878 2181 963 2202; x_wconf 87' lang='lat' dir='ltr'>conc.</span> <span class='ocrx_word' id='word_1_197' title='bbox 982 2170 1023 2202; x_wconf 90' lang='lat' dir='ltr'>D.</span> <span class='ocrx_word' id='word_1_198' title='bbox 1042 2174 1073 2202; x_wconf 88' lang='lat' dir='ltr'>et</span> <span class='ocrx_word' id='word_1_199' title='bbox 1089 2182 1115 2203; x_wconf 90' lang='lat' dir='ltr'>e.</span> <span class='ocrx_word' id='word_1_200' title='bbox 1133 2170 1165 2203; x_wconf 86' lang='lat' dir='ltr'>S.</span> <span class='ocrx_word' id='word_1_201' title='bbox 1177 2170 1224 2203; x_wconf 88' lang='lat' dir='ltr'>M.</span> <span class='ocrx_word' id='word_1_202' title='bbox 1236 2171 1276 2203; x_wconf 87' lang='lat' dir='ltr'>de</span> <span class='ocrx_word' id='word_1_203' title='bbox 1288 2170 1440 2202; x_wconf 67' lang='lat' dir='ltr'>MARGAN</span> <span class='ocrx_word' id='word_1_204' title='bbox 1454 2174 1485 2202; x_wconf 78' lang='lat' dir='ltr'>et</span> <span class='ocrx_word' id='word_1_205' title='bbox 1498 2170 1670 2202; x_wconf 77' lang='lat' dir='ltr'>manachis¹</span> 
     </span>
    </p>
   </div>
   <div class='ocr_carea' id='block_1_15' title="bbox 208 2235 1673 2280">
    <p class='ocr_par' dir='ltr' id='par_1_15' title="bbox 208 2235 1673 2280">
     <span class='ocr_line' id='line_1_26' title="bbox 208 2235 1673 2280; baseline 0.003 -13"><span class='ocrx_word' id='word_1_206' title='bbox 208 2236 229 2267; x_wconf 85' lang='lat' dir='ltr'>i.</span> <span class='ocrx_word' id='word_1_207' title='bbox 247 2235 289 2268; x_wconf 92' lang='lat' dir='ltr'>D.</span> <span class='ocrx_word' id='word_1_208' title='bbox 307 2236 516 2269; x_wconf 84' lang='lat' dir='ltr'>servientibus</span> <span class='ocrx_word' id='word_1_209' title='bbox 532 2248 630 2269; x_wconf 84' lang='lat' dir='ltr'>unam</span> <span class='ocrx_word' id='word_1_210' title='bbox 646 2237 761 2269; x_wconf 75' lang='lat' dir='ltr'>libram</span> <span class='ocrx_word' id='word_1_211' title='bbox 777 2238 897 2270; x_wconf 85' lang='lat' dir='ltr'>cumini</span> <span class='ocrx_word' id='word_1_212' title='bbox 913 2240 953 2270; x_wconf 81' lang='lat' dir='ltr'>ad</span> <span class='ocrx_word' id='word_1_213' title='bbox 969 2238 1087 2271; x_wconf 76' lang='lat' dir='ltr'>festum</span> <span class='ocrx_word' id='word_1_214' title='bbox 1103 2238 1213 2271; x_wconf 79' lang='lat' dir='ltr'>Sancti</span> <span class='ocrx_word' id='word_1_215' title='bbox 1233 2239 1429 2271; x_wconf 72' lang='lat' dir='ltr'>Miannms</span> <span class='ocrx_word' id='word_1_216' title='bbox 1450 2239 1483 2270; x_wconf 84' lang='lat' dir='ltr'>in</span> <span class='ocrx_word' id='word_1_217' title='bbox 1507 2249 1620 2280; x_wconf 73' lang='lat' dir='ltr'>puram</span> <span class='ocrx_word' id='word_1_218' title='bbox 1643 2242 1673 2270; x_wconf 87' lang='lat' dir='ltr'>et</span> 
     </span>
    </p>
   </div>
  </div>
 </body>
</html>
