1820 2548
1561 139 1624 170 973

200 293 319 336 absque
334 293 392 326 hoc
409 294 493 336 quod
509 293 576 336 ipse
592 296 647 325 aut
663 295 809 325 tenentes
825 293 874 325 sui
889 296 972 325 terre
988 293 1128 335 predicte
1145 293 1187 325 ad
1202 292 1325 325 dictum
1340 293 1527 325 comitatum
1549 296 1665 326 sectam

200 362 345 395 fecerunt
359 365 416 394 aut
431 362 527 394 alicui
542 362 576 393 in
593 362 704 393 eodem
721 361 874 393 comitatu
890 362 1134 403 responderunt.
1181 360 1227 392 Et
1241 360 1389 393 similiter
1407 372 1516 393 omnes
1536 361 1668 394 heredes

200 430 388 464 WILLELm
415 429 619 462 antecessoris
646 429 695 462 sui
720 429 816 472 primi
844 429 1049 471 Inquisitoris
1075 441 1132 472 per
1159 429 1278 461 dietam
1305 431 1425 461 cartam
1455 429 1504 461 usi
1534 429 1667 462 fuenmt

200 499 311 531 eadem
337 498 484 531 libertate
510 498 603 540 plene
630 500 662 530 et
687 498 813 540 integre
840 497 958 540 absque
984 497 1258 541 inter[r]uptione
1282 501 1314 530 et
1339 499 1406 540 ipse
1431 498 1578 530 similiter
1599 500 1667 531 toto

199 569 341 609 tempore
371 578 428 599 suo
457 577 622 609 quousque
657 567 761 598 dictus
792 565 988 600 WALTERUS
1024 567 1064 599 de
1091 567 1275 599 Pmmmon
1306 567 1374 609 jam
1405 567 1446 598 de
1475 578 1558 599 novo
1585 569 1617 598 et
1647 578 1666 598 a

201 638 344 678 tempore
374 646 437 678 quo
467 635 531 667 fuit
562 634 733 667 vicecomes
763 635 933 667 comitatus
969 636 1008 667 de
1044 635 1268 667 KERMERDYN
1305 635 1411 678 ipsum
1442 634 1667 668 WILLELMUM

201 704 312 737 volens
327 704 517 736 exheredare
534 706 566 735 et
581 703 687 746 ipsum
703 705 734 735 et
753 705 899 735 tenentes
922 706 1004 736 terre
1028 715 1082 736 sue
1105 703 1245 746 predicte
1268 703 1303 735 in
1327 703 1514 735 servitutem
1540 714 1667 746 ponere,

201 772 307 814 ipsum
324 771 547 804 WILLELMUM
570 773 601 803 et
621 771 765 803 homines
785 774 868 803 terre
891 772 1032 814 predicte
1055 772 1277 814 multipliciter
1298 772 1464 804 distrinxit
1487 773 1528 804 ad
1551 774 1668 804 sectam

201 840 378 883 predictam
401 840 443 872 ad
467 840 654 872 comitatum
679 840 719 871 de
743 839 967 872 KERMERDYN
996 840 1176 873 faciendam
1202 840 1237 872 in
1264 840 1544 872 exheredationem
1570 841 1670 883 ipsius

202 908 389 942 WILLELMI
413 908 618 940 manifestam
641 910 673 940 et
696 911 805 940 contra
827 911 971 941 tenorem
994 913 1079 941 carte
1101 909 1189 952 regie
1212 909 1361 951 predicte.
1409 909 1454 941 Et
1476 909 1558 951 petit
1584 910 1670 951 quod

202 988 297 1019 super
312 976 371 1009 hoc
386 988 444 1019 per
462 976 568 1019 ipsum
590 977 758 1009 dominum
780 977 906 1020 Regem
929 980 961 1009 et
984 978 1152 1010 eonsilium
1176 989 1269 1010 suum
1291 978 1469 1010 remedium
1491 980 1672 1020 apponatur

202 1047 298 1088 prout
313 1045 347 1077 in
363 1045 518 1087 petitione
533 1045 677 1087 predicte,
693 1046 818 1088 plenius
834 1047 1025 1085 continetur,
1043 1049 1102 1079 etc.

245 1113 291 1146 Et
306 1113 506 1146 Nrcnomus
522 1115 561 1146 de
577 1114 760 1155 Wxnwrx,
778 1115 834 1157 qui
850 1115 994 1157 sequitur
1016 1126 1074 1157 pro
1096 1115 1197 1158 Rege,
1214 1115 1291 1147 dicit
1314 1116 1400 1157 quod
1424 1116 1566 1157 predicta
1588 1119 1673 1148 terra

203 1183 243 1215 de
269 1182 399 1215 GowER
424 1186 471 1215 est
495 1183 582 1215 infra
604 1183 802 1226 procinctum
830 1184 1000 1216 comitatus
1023 1184 1157 1226 predicti
1180 1185 1219 1216 de
1244 1184 1470 1216 KERMERDYN
1494 1186 1525 1216 et
1548 1195 1672 1226 semper

204 1250 311 1283 extitit
327 1253 394 1283 tam
410 1251 606 1293 temporibus
618 1254 851 1284 antecessorum
865 1252 988 1284 comitis
999 1252 1239 1292 WARREWICK,
1253 1252 1308 1294 qui
1323 1264 1409 1284 nunc
1424 1254 1481 1291 est,
1494 1252 1573 1283 dum
1587 1255 1673 1284 terra

202 1319 260 1351 illa
280 1319 314 1351 in
336 1319 485 1352 manibus
506 1331 615 1352 eorum
634 1320 708 1359 fuit,
725 1331 822 1362 quam
843 1320 943 1352 eciam
966 1322 1035 1353 toto
1055 1323 1198 1363 tempore
1217 1332 1280 1362 quo
1300 1322 1386 1353 terra
1401 1320 1543 1363 predicta
1559 1320 1623 1352 fuit
1638 1320 1671 1351 in

204 1387 320 1419 seisina
342 1388 420 1419 dicti
443 1388 566 1420 domini
593 1388 615 1420 J
617 1399 767 1420 onAins
790 1389 902 1432 Regis,
924 1392 956 1421 et
978 1390 1063 1432 quod
1085 1389 1247 1432 predictus
1267 1389 1482 1422 WILLELMUS
1507 1391 1539 1421 et
1562 1399 1672 1421 omnes

204 1457 413 1488 antecessores
432 1456 481 1488 sui
499 1468 518 1488 a
540 1459 684 1499 tempore
699 1457 906 1490 confectionis
925 1460 1009 1490 carte
1024 1458 1165 1500 predicte
1181 1460 1299 1490 sectam
1314 1458 1418 1490 facere
1441 1459 1673 1490 consueverunt

202 1524 243 1555 ad
274 1524 410 1556 eundem
442 1525 629 1557 comitatum
661 1528 693 1558 et
722 1525 842 1558 ibidem
880 1527 1070 1569 respondere
1101 1526 1353 1569 quibuscumque
1390 1527 1430 1558 de
1460 1537 1492 1558 se
1522 1526 1672 1568 conqueri

201 1591 394 1631 volentibus,
425 1594 458 1624 et
487 1592 606 1625 ibidem
636 1593 799 1636 justiciam
829 1594 967 1636 recipere
999 1605 1163 1636 quousque
1188 1594 1404 1628 WILLELMUS
1434 1594 1473 1626 de
1500 1594 1670 1632 Bneonsn,

202 1663 292 1702 pater
308 1659 496 1692 WILLELMi
519 1661 574 1703 qui
594 1672 680 1693 nunc
701 1664 759 1702 est,
782 1662 817 1694 in
836 1662 1116 1695 exheredationem
1139 1663 1261 1695 domini
1285 1662 1386 1705 Regis
1407 1665 1478 1705 post
1493 1662 1613 1694 bellum
1629 1663 1669 1694 de

202 1727 373 1760 Evnsrum
395 1731 512 1760 sectam
533 1729 623 1761 illam
644 1729 703 1762 sibi
723 1731 857 1763 attraxit
879 1733 911 1763 et
933 1731 1073 1764 Domino
1096 1731 1181 1774 Regi
1200 1731 1284 1774 patri
1303 1731 1437 1764 Domini
1460 1730 1561 1774 Regis
1583 1741 1669 1762 nune

202 1796 373 1834 subtraxit,
390 1799 422 1828 et
437 1797 541 1840 ipsum
558 1798 725 1831 dominum
740 1798 865 1842 Regem
882 1800 921 1832 de
944 1800 1000 1832 illa
1016 1803 1100 1832 secta
1115 1800 1156 1832 ad
1177 1800 1365 1832 comitatum
1388 1800 1427 1832 de
1446 1799 1669 1831 KERMERDYN

201 1864 349 1897 facienda
374 1865 504 1897 omnino
529 1865 745 1906 exheredavit,
773 1870 804 1899 et
830 1867 1086 1909 jurisdictionem
1108 1869 1248 1911 regalem
1268 1868 1445 1911 predictam
1467 1878 1563 1909 quam
1581 1867 1668 1899 idem

202 1932 427 1972 Wumxmws,
455 1934 510 1976 qui
541 1946 626 1966 nunc
656 1937 713 1975 est,
738 1935 856 1968 clamat
879 1937 914 1968 in
944 1937 1086 1978 predicta
1116 1939 1201 1969 terra
1228 1948 1323 1979 super
1346 1937 1514 1968 dominum
1542 1935 1667 1978 Regem

201 2003 326 2044 patrem
349 2001 471 2033 domini
493 2002 593 2045 Regis
614 2014 699 2035 nunc
719 2004 886 2046 usurpavit
906 2007 938 2036 et
959 2005 1124 2047 occupavit
1147 2005 1265 2047 absque
1283 2007 1425 2037 waranto
1446 2005 1554 2046 aliquo
1575 2006 1670 2046 prout

200 2069 282 2102 bene
306 2072 395 2111 patet
425 2081 481 2112 per
507 2071 724 2113 cognitionem
754 2072 889 2114 predicti
916 2072 1103 2105 WVILLELMI
1131 2085 1275 2116 expresse
1302 2073 1336 2105 in
1367 2073 1484 2115 placito
1514 2073 1667 2115 predicto,

201 2138 341 2170 maxime
365 2149 438 2170 eum
463 2139 548 2171 idem
573 2139 788 2172 Wumzmuus
814 2140 1069 2183 jurisdictionem
1096 2142 1272 2184 predictam
1300 2142 1523 2174 tantummodo
1554 2140 1669 2173 clamet

203 2218 259 2248 per
277 2209 398 2239 cartam
419 2207 541 2240 domini
561 2207 583 2240 J
585 2219 736 2241 ornamus
756 2208 856 2251 Regis
874 2210 1060 2251 predictam,
1078 2212 1109 2241 et
1130 2210 1164 2242 in
1186 2221 1249 2252 qua
1270 2212 1357 2242 carta
1379 2209 1469 2242 nulla
1492 2209 1528 2242 fit
1546 2209 1670 2242 mencio
