1820 2548
1532 171 1595 202 989

165 328 384 361 Retinuemnt
415 330 522 360 tamen
553 327 630 359 dicti
659 326 758 359 abbas
788 329 820 358 et
851 329 1027 359 conventus
1057 327 1098 358 ad
1129 338 1208 369 opus
1238 327 1412 358 eorundem
1448 328 1479 358 et
1515 338 1633 359 succes-

167 407 268 429 sorem
298 407 426 428 suorum
456 397 490 428 in
525 396 665 438 predicta
700 398 785 427 terra
822 407 917 437 quam
956 395 996 428 ab
1033 396 1078 428 eis
1115 395 1219 438 accepi
1251 420 1257 426 .
1289 395 1393 427 locum
1431 395 1635 426 construendi

167 465 388 497 molendinum
414 466 445 496 et
472 464 639 506 piscariam
665 475 759 506 super
786 475 904 506 aquam
931 465 971 496 de
996 463 1148 496 UGEMOR
1174 490 1180 495 .
1207 463 1234 495 si
1260 463 1379 495 eisdem
1405 463 1510 494 visum
1536 462 1636 495 fuerit

168 533 326 576 expedire.
374 532 408 565 Si
429 535 538 565 autem
557 544 617 575 ego
639 532 822 565 JOHANNES
845 532 1021 565 MYGNOTH
1047 533 1098 564 vel
1120 532 1236 574 aliquis
1258 531 1412 563 heredum
1434 542 1578 563 meorum
1601 542 1638 563 ea

169 613 230 644 que
253 602 396 644 superius
418 601 533 643 scripta
556 603 630 633 sunt
653 601 704 632 vel
731 601 838 643 aliqua
866 613 905 633 ex
932 601 1009 644 ipsis
1036 601 1175 633 alienare
1202 600 1397 632 voluerimus
1423 625 1429 631 .
1455 599 1574 632 talibus
1600 611 1638 631 ea.

171 669 309 702 alienare
325 669 415 701 nobis
430 669 537 701 licebit
554 695 560 701 .
578 669 633 711 qui
648 669 770 711 possint
787 671 818 701 et
835 669 936 701 velint
951 669 1101 711 predictis
1117 669 1274 711 religiosis
1294 668 1472 710 predictum
1494 678 1638 699 annuum

170 738 332 770 redditum
349 740 379 769 et
396 738 492 769 etiam
507 749 623 780 penam
638 737 824 780 premissam
842 738 867 770 si
891 749 961 770 eam
985 738 1142 770 committi
1166 737 1333 779 contingat
1355 736 1496 779 plenarie
1520 736 1639 768 solvere

171 810 203 839 et
225 806 354 839 servicia
377 806 589 848 suprascripta
612 807 760 839 universa
783 807 847 838 illis
870 806 1019 839 exhibere
1045 809 1076 838 et
1102 817 1180 848 quos
1205 806 1327 848 possint
1352 805 1472 837 hiidem
1499 804 1640 847 religiosi

171 876 213 908 ad
236 875 379 908 omnium
401 876 542 917 ipsorum
565 876 757 908 solucionem
781 878 811 908 et
836 875 1067 908 exhibitionem
1093 875 1210 917 absque
1237 875 1424 906 difficultate
1449 874 1640 916 distringere

172 955 227 976 seu
251 943 401 985 distringi
426 943 529 976 facere
558 970 563 976 .
593 943 671 975 alias
693 946 802 976 autem
826 955 900 976 non.
947 944 1003 976 Ad
1024 943 1167 986 predicta
1191 945 1298 975 autem
1323 943 1431 974 omnia
1457 945 1489 974 et
1516 942 1645 984 singula

172 1011 368 1044 observanda
383 1014 415 1044 et
430 1011 576 1044 facienda
600 1038 605 1044 .
624 1012 697 1054 Ego
712 1012 735 1045 J
736 1023 896 1044 OHANNES
912 1012 1073 1054 predictus
1086 1038 1091 1044 .
1103 1023 1154 1044 me
1171 1013 1203 1043 et
1217 1011 1349 1043 heredes
1364 1022 1450 1043 meos
1466 1011 1641 1053 predictos.

173 1082 205 1112 et
221 1081 319 1113 etiam
334 1080 511 1123 assignatos
526 1091 612 1112 meos
636 1081 663 1112 si
681 1092 760 1123 quos
781 1092 832 1112 me
856 1081 1023 1123 contingat
1046 1080 1162 1112 habere
1185 1083 1222 1113 ut
1245 1080 1423 1122 predictum
1448 1082 1493 1111 est
1520 1105 1525 1111 .
1546 1079 1642 1121 juris-

173 1149 305 1181 dictioni
321 1149 433 1181 decani
453 1149 493 1181 de
517 1149 688 1181 GRONUTH
711 1149 831 1181 subicio
857 1151 893 1181 ut
917 1149 984 1191 ipse
1008 1160 1059 1181 me
1085 1151 1117 1181 et
1141 1149 1219 1181 alios
1245 1148 1522 1191 supranominatos
1548 1148 1647 1190 possit

173 1217 208 1249 in
223 1217 282 1249 hac
297 1220 388 1259 parte
404 1218 444 1249 de
459 1217 555 1259 plano
572 1221 603 1249 et
620 1218 687 1249 sine
703 1218 839 1260 strepitu
856 1218 1003 1260 judiciali
1019 1229 1075 1260 per
1090 1229 1314 1260 quamcunque
1329 1217 1466 1249 voluerit
1482 1227 1647 1249 censuram

176 1286 416 1318 ecclesiasticam
434 1286 621 1328 compellere
647 1311 655 1318 .
679 1285 765 1318 Item
783 1289 815 1318 et
833 1286 1050 1328 jurisdictioni
1072 1285 1197 1318 baillivi
1219 1287 1259 1318 de
1281 1285 1444 1317 KAERDIF
1468 1285 1650 1327 quicunque

175 1365 231 1397 pro
246 1356 388 1396 tempore
404 1354 502 1386 fuerit
519 1355 606 1396 quod
623 1355 721 1386 etiam
736 1355 804 1397 ipse
819 1366 878 1387 nos
893 1355 992 1397 possit
1007 1355 1196 1397 compellere
1211 1366 1267 1396 per
1287 1357 1388 1386 totam
1411 1357 1529 1386 terram
1552 1365 1649 1396 quam

176 1425 321 1455 tenemus
344 1425 399 1455 aut
422 1423 602 1455 tenebimus
629 1424 664 1455 in
689 1424 842 1455 comitatu
868 1424 907 1455 de
932 1423 1150 1456 GLAMORGAN
1175 1423 1358 1465 ubicunque
1385 1423 1483 1455 fuerit
1511 1423 1552 1454 ad
1578 1433 1649 1464 pre-

178 1490 300 1523 dietum
316 1491 477 1523 redditum
494 1494 526 1523 et
548 1491 612 1523 alia
635 1492 743 1524 omnia
766 1493 950 1534 supradicta
973 1492 1115 1534 plenarie
1138 1494 1169 1525 et
1192 1492 1329 1524 fideliter
1353 1492 1561 1534 persolvenda
1585 1502 1651 1522 una

179 1570 251 1591 oum
267 1570 348 1601 pena
364 1560 507 1602 predicta
524 1560 550 1592 si
565 1560 664 1592 fuerit
680 1561 856 1593 commissa.
904 1560 946 1593 In
971 1561 1062 1603 cujus
1084 1561 1130 1593 rei
1153 1561 1373 1593 testimonium
1391 1587 1397 1592 .
1414 1560 1488 1592 huic
1511 1559 1651 1602 presenti

179 1627 294 1670 scripto
324 1628 466 1670 sigillum
498 1640 605 1661 meum
637 1629 781 1672 apposui.
828 1629 906 1661 Hiis
938 1629 1099 1662 testibus.
1122 1629 1277 1662 RICARDO
1300 1630 1340 1661 de
1367 1629 1614 1661 TURBEREVILE
1643 1653 1650 1660 .

180 1695 354 1728 Pmmppo
386 1697 425 1728 de
454 1696 648 1729 NEREBERD
677 1724 682 1730 .
710 1698 888 1730 MAumcm
921 1698 987 1730 filio
1018 1698 1182 1730 GR1FF1N1
1212 1724 1217 1730 .
1247 1698 1407 1730 Ronmo
1437 1698 1477 1729 de
1506 1697 1610 1729 ANNE
1644 1721 1651 1729 .

181 1763 203 1797 J
205 1775 345 1796 OHANNE
361 1765 391 1796 le
407 1764 545 1797 Nonnvs
562 1765 774 1799 ‚WlLLELMO
793 1767 832 1798 de
849 1766 1098 1799 TURBEREVILE
1112 1793 1118 1798 .
1132 1766 1314 1799 HAMUNDO
1330 1767 1369 1798 de
1382 1765 1630 1798 TURBEREVILE
1644 1790 1650 1796 .

183 1835 215 1864 et
230 1833 340 1865 multis
356 1833 435 1865 aliis.

225 1900 299 1934 Seal
316 1901 350 1933 in
366 1913 463 1944 green
481 1913 560 1941 wax,
578 1903 642 1944 {iu
654 1903 752 1935 diam.
799 1903 932 1943 Device‚
946 1915 964 1936 a
982 1906 1047 1936 star
1063 1904 1097 1936 of
1114 1904 1175 1936 five
1190 1904 1327 1947 slightly
1342 1903 1553 1946 pear-shaped
1569 1913 1652 1945 mys,

182 1969 376 2012 alternately
392 1970 470 2003 with
487 1970 547 2003 five
563 1971 689 2003 slender
703 1983 787 2013 rays.

726 2042 734 2056 ⁶
750 2044 781 2076 -Ι-
814 2040 840 2072 s’
865 2040 967 2072 1011’1s
991 2041 1120 2073 mmo'r)

227 2105 452 2139 Endorsed—‘
463 2107 559 2139 Carta
575 2107 597 2140 J
599 2107 702 2140 oh'nis
717 2107 885 2151 Mygnot.’
