1820 2548
1529 186 1592 217 873

171 341 337 375 JOHANNA
361 341 501 374 habeant
524 345 556 375 et
585 344 718 374 teneant
747 342 787 374 de
817 341 909 375 nobis
938 344 971 374 et
997 341 1168 374 heredibus
1194 341 1311 373 nostris
1341 341 1580 374 advocationem
1607 344 1638 374 et

172 411 349 443 custodiam
375 411 572 453 episcopatus
601 410 745 453 predicti,
777 421 849 442 cum
886 410 1089 452 pertinentiis
1118 421 1185 442 una
1214 421 1287 442 cum
1317 409 1540 442 collacionibus
1569 421 1638 452 pre-

170 477 348 511 bendamm
378 482 410 511 et
452 478 650 522 dignitatum
690 479 889 521 episcopatus
926 479 1013 510 illius
1043 478 1182 521 singulis
1211 478 1408 520 temporibus
1437 478 1640 510 vacationum

172 547 326 590 ejusdem,
352 548 393 580 ad
417 550 520 580 totam
541 547 641 580 vitam
668 548 834 590 utriusque
859 547 1000 590 ipsonun
1022 547 1146 580 comitis
1167 549 1198 579 et
1229 546 1251 579 J
1253 557 1412 578 OHANNAE.
1472 545 1525 578 Ita
1555 547 1640 588 quod

173 618 245 658 post
268 616 430 648 decessum
453 617 626 648 eorundem
650 615 775 648 comitis
793 618 824 647 et
843 615 865 648 J
868 626 1020 647 oHANNAE
1043 615 1208 647 advocatio
1227 619 1259 647 et
1283 614 1427 647 custodia
1442 614 1643 656 episcopatus

172 684 317 726 predicti,
334 696 400 716 una
415 695 487 716 cum
503 683 729 716 collaeionibus
743 683 978 726 prebendarum
1000 686 1033 716 et
1056 684 1255 727 dignitatum
1278 683 1425 726 ejusdem
1448 682 1644 725 temporibus

173 752 376 785 vacationum
407 753 605 795 episcopatus
631 753 719 785 illius
745 753 787 784 ad
810 764 869 785 nos
895 753 946 784 vel
975 753 1107 785 heredes
1134 755 1258 785 nostros
1287 752 1413 794 integre
1443 754 1644 784 revertantur

172 821 289 864 quietae
305 822 345 853 de
361 821 532 853 heredibus
548 822 721 854 eorundem
738 821 862 853 comitis
877 824 909 853 et
924 821 947 854 J
949 832 1101 853 oflANNAE
1116 821 1353 863 imperpetuum
1368 821 1449 853 sicut
1464 821 1642 863 predictum

171 892 228 922 est.
276 889 354 921 Hiis
376 889 511 921 testibus
531 916 537 921 .
555 889 731 921 venerabili
752 892 844 932 patre
868 889 908 921 R.
934 889 1173 921 BAmomnNm
1197 891 1229 921 et
1252 889 1439 922 'WELLENSI
1465 888 1610 930 episcopo
1634 915 1640 920 .

171 957 366 991 WILLELMO
379 958 418 989 de
431 957 610 991 VALENCIA
626 958 784 990 avunculo
799 961 907 990 nostro
924 984 930 990 .
945 958 1107 990 HEcho
1123 959 1163 989 de
1173 957 1276 997 Lmv,
1288 957 1403 989 comite
1414 956 1617 988 Lux-comuste
1634 983 1640 988 .

171 1026 338 1059 JOHANNE
360 1027 400 1058 de
423 1026 621 1067 WARENNA‚
648 1027 762 1059 comite
787 1026 927 1059 SmuuAE
951 1053 957 1059 .
983 1026 1143 1058 ROBERTO
1167 1026 1317 1059 ΤῙΒΕΤΟΤ
1343 1049 1349 1056 .
1374 1025 1580 1058 REGINALDO
1603 1026 1643 1057 de

172 1095 271 1128 Gnmr
297 1121 304 1127 .
332 1095 508 1128 WALTERO
530 1096 569 1128 de
593 1095 710 1128 BELLo
733 1095 852 1127 CAMPO
877 1120 885 1129 .
909 1095 1024 1127 szo
1047 1096 1087 1127 de
1119 1094 1361 1127 CHAUMPRENT
1387 1120 1393 1126 .
1419 1094 1572 1126 RchRno
1602 1095 1642 1126 de

172 1163 278 1196 Bosco
295 1190 302 1196 .
320 1167 351 1196 et
367 1164 446 1196 aliis.

213 1232 337 1264 Datum
353 1244 409 1274 per
425 1243 557 1264 manum
573 1236 715 1264 nostram
731 1233 818 1275 apud
834 1232 1125 1264 Kmenscupszrox
1143 1233 1280 1264 secundo
1297 1233 1348 1264 die
1364 1231 1565 1264 Novembris.

777 1344 1036 1378 DCOLXVHI.

170 1425 411 1458 SUMMARY
448 1426 514 1458 BY
552 1425 765 1459 EDWARD
803 1426 831 1458 Ι.
872 1427 931 1458 OF
968 1426 1049 1458 HIS
1089 1425 1312 1459 DECISION
1351 1426 1408 1458 AS
1446 1425 1503 1457 TO
1542 1425 1640 1457 THE

278 1494 428 1526 OLAIM
456 1494 515 1526 OF
544 1494 753 1527 GILBERT
787 1495 851 1527 DE
889 1495 1054 1533 CLARE,
1086 1495 1216 1527 EARL
1245 1495 1304 1527 OF
1335 1494 1641 1528 GLOUCESTER

279 1562 381 1595 AND
420 1563 691 1603 HERTFORD,
730 1563 788 1596 ΤΟ
835 1564 933 1596 ΤΗΕ
979 1564 1257 1604 ADVOWSON‚
1297 1564 1406 1599 ETC..
1446 1564 1504 1596 OF
1543 1563 1641 1595 THE

280 1631 481 1663 OHUROH
520 1632 579 1664 OF
617 1631 885 1665 LLANDAFF.

357 1706 453 1748 [Pu.
479 1717 571 1738 ANNO
595 1707 637 1738 28
664 1706 754 1750 [18]1
782 1708 878 1740 Enw.
903 1707 943 1747 1„
967 1708 1086 1740 Mmffl.
1113 1709 1143 1747 2,
1169 1719 1268 1740 mres
1292 1707 1459 1750 ommi]

480 1774 536 1817 [B.
568 1774 711 1815 Wuns,
740 1775 878 1808 Smu‘m·
902 1787 942 1808 οῖ·-
967 1776 1166 1816 LLANDAFF,
1191 1789 1221 1819 p.
1251 1777 1340 1819 131]

1328 1846 1346 1876 3
1364 1845 1451 1876 Nov.
1502 1845 1594 1876 1290.

215 1909 384 1942 Universis
410 1910 551 1943 Omnsri
576 1911 734 1951 fidelibus,
758 1915 828 1952 etc„
852 1913 1048 1945 Enwmmt's
1072 1913 1134 1945 Dei
1157 1914 1262 1956 gratia
1286 1913 1357 1945 Rex
1380 1913 1538 1951 Ammae,
1571 1918 1640 1953 etc„

172 1978 318 2010 salutem.

215 2046 381 2079 Memoriae
405 2047 543 2079 hominis
565 2048 655 2081 labili
685 2050 764 2081 adeo
792 2050 891 2082 fallax
916 2050 1088 2082 insidiatur
1114 2050 1241 2088 oblivio,
1265 2055 1299 2082 ut
1326 2062 1362 2082 ea
1387 2062 1458 2092 quae
1480 2051 1639 2083 modernis

172 2115 368 2158 temporibus
391 2116 491 2158 plana
516 2117 581 2149 sint
605 2122 636 2150 et
662 2121 781 2160 aperta,
807 2122 911 2151 tractu
936 2119 1088 2161 temporis
1112 2118 1243 2151 obseura
1267 2124 1360 2151 erunt
1381 2124 1412 2151 et
1436 2119 1556 2151 incerta
1578 2120 1640 2151 nisi

171 2184 334 2226 scriptoris
355 2185 537 2218 testimonio
562 2185 747 2218 farciantur.
805 2186 851 2219 Et
871 2187 912 2219 ad
934 2187 993 2219 hoc
1019 2187 1150 2229 provide
1175 2187 1312 2219 decrevit
1334 2188 1442 2230 legum
1463 2187 1640 2220 authoritas

172 2253 345 2284 sententias
369 2253 555 2286 diffinitivas
577 2254 610 2286 in
635 2255 758 2297 scriptis
781 2255 925 2298 proferri,
949 2267 989 2288 ne
1013 2267 1049 2287 ea
1073 2266 1134 2297 que
1156 2255 1237 2298 jin-is
1259 2256 1388 2287 tramite
1404 2256 1551 2288 ordinatu.
1567 2259 1642 2289 sunt

324 2357 381 2384 51(
