<?xml version="1.0" encoding="UTF-8"?>
<!DOCTYPE html PUBLIC "-//W3C//DTD XHTML 1.0 Transitional//EN"
    "http://www.w3.org/TR/xhtml1/DTD/xhtml1-transitional.dtd">
<html xmlns="http://www.w3.org/1999/xhtml" xml:lang="en" lang="en">
 <head>
  <title>
</title>
<meta http-equiv="Content-Type" content="text/html;charset=utf-8" />
  <meta name='ocr-system' content='tesseract 3.04.00' />
  <meta name='ocr-capabilities' content='ocr_page ocr_carea ocr_par ocr_line ocrx_word'/>
</head>
<body>
  <div class='ocr_page' id='page_1' title='image "./cartaeetaliamuni03claruoft_0295.png"; bbox 0 0 1820 2548; ppageno 0'>
   <div class='ocr_carea' id='block_1_1' title="bbox 1555 130 1618 160">
    <p class='ocr_par' dir='ltr' id='par_1_1' title="bbox 1555 130 1618 160">
     <span class='ocr_line' id='line_1_1' title="bbox 1555 130 1618 160; baseline 0 0"><span class='ocrx_word' id='word_1_1' title='bbox 1555 130 1618 160; x_wconf 82' lang='lat'>997</span> 
     </span>
    </p>
   </div>
   <div class='ocr_carea' id='block_1_2' title="bbox 187 285 1667 2178">
    <p class='ocr_par' dir='ltr' id='par_1_2' title="bbox 193 285 1662 397">
     <span class='ocr_line' id='line_1_2' title="bbox 238 285 1662 330; baseline -0.003 -10"><span class='ocrx_word' id='word_1_2' title='bbox 238 286 305 323; x_wconf 77' lang='lat' dir='ltr'>Qui</span> <span class='ocrx_word' id='word_1_3' title='bbox 334 287 489 319; x_wconf 88' lang='lat' dir='ltr'>delfinum</span> <span class='ocrx_word' id='word_1_4' title='bbox 519 287 647 330; x_wconf 82' lang='lat' dir='ltr'>piscem,</span> <span class='ocrx_word' id='word_1_5' title='bbox 678 287 734 328; x_wconf 92' lang='lat' dir='ltr'>qui</span> <span class='ocrx_word' id='word_1_6' title='bbox 764 286 924 328; x_wconf 84' lang='lat' dir='ltr'>wlgaliter</span> <span class='ocrx_word' id='word_1_7' title='bbox 955 286 1117 328; x_wconf 83' lang='lat' dir='ltr'>‘Porpeys</span> <span class='ocrx_word' id='word_1_8' title='bbox 1130 285 1138 299; x_wconf 89' lang='lat'><em>&#39;</em></span> <span class='ocrx_word' id='word_1_9' title='bbox 1170 285 1406 324; x_wconf 76' lang='lat' dir='ltr'>denominatur,</span> <span class='ocrx_word' id='word_1_10' title='bbox 1435 285 1575 327; x_wconf 76' lang='lat' dir='ltr'>ceperint</span> <span class='ocrx_word' id='word_1_11' title='bbox 1606 287 1662 317; x_wconf 90' lang='lat' dir='ltr'>aut</span> 
     </span>
     <span class='ocr_line' id='line_1_3' title="bbox 193 354 1071 397; baseline -0.001 -9"><span class='ocrx_word' id='word_1_12' title='bbox 193 356 386 395; x_wconf 84' lang='lat' dir='ltr'>invenerint,</span> <span class='ocrx_word' id='word_1_13' title='bbox 402 367 476 388; x_wconf 89' lang='lat' dir='ltr'>eum</span> <span class='ocrx_word' id='word_1_14' title='bbox 491 356 559 388; x_wconf 86' lang='lat' dir='ltr'>sine</span> <span class='ocrx_word' id='word_1_15' title='bbox 575 355 709 397; x_wconf 82' lang='lat' dir='ltr'>alicujus</span> <span class='ocrx_word' id='word_1_16' title='bbox 724 355 907 397; x_wconf 75' lang='lat' dir='ltr'>calumpnia</span> <span class='ocrx_word' id='word_1_17' title='bbox 922 354 1071 387; x_wconf 77' lang='lat' dir='ltr'>habeant.</span> 
     </span>
    </p>

    <p class='ocr_par' dir='ltr' id='par_1_3' title="bbox 193 422 1663 673">
     <span class='ocr_line' id='line_1_4' title="bbox 237 422 1662 465; baseline -0.002 -8"><span class='ocrx_word' id='word_1_18' title='bbox 237 424 358 458; x_wconf 85' lang='lat' dir='ltr'>Nullus</span> <span class='ocrx_word' id='word_1_19' title='bbox 373 424 510 457; x_wconf 78' lang='lat' dir='ltr'>ballivus</span> <span class='ocrx_word' id='word_1_20' title='bbox 525 426 632 457; x_wconf 90' lang='lat' dir='ltr'>noster</span> <span class='ocrx_word' id='word_1_21' title='bbox 647 425 792 456; x_wconf 89' lang='lat' dir='ltr'>decetero</span> <span class='ocrx_word' id='word_1_22' title='bbox 814 426 922 455; x_wconf 88' lang='lat' dir='ltr'>teneat</span> <span class='ocrx_word' id='word_1_23' title='bbox 945 423 1134 456; x_wconf 84' lang='lat' dir='ltr'>comitatum</span> <span class='ocrx_word' id='word_1_24' title='bbox 1157 423 1209 455; x_wconf 90' lang='lat' dir='ltr'>vel</span> <span class='ocrx_word' id='word_1_25' title='bbox 1231 434 1285 455; x_wconf 87' lang='lat' dir='ltr'>sur</span> <span class='ocrx_word' id='word_1_26' title='bbox 1310 422 1524 465; x_wconf 87' lang='lat' dir='ltr'>[supervisum</span> <span class='ocrx_word' id='word_1_27' title='bbox 1536 422 1568 465; x_wconf 66' lang='grc' dir='ltr'>Ρ]</span> <span class='ocrx_word' id='word_1_28' title='bbox 1595 422 1662 454; x_wconf 89' lang='lat' dir='ltr'>sine</span> 
     </span>
     <span class='ocr_line' id='line_1_5' title="bbox 193 491 1663 535; baseline -0.002 -9"><span class='ocrx_word' id='word_1_29' title='bbox 193 496 302 526; x_wconf 86' lang='lat' dir='ltr'>nostra</span> <span class='ocrx_word' id='word_1_30' title='bbox 328 493 546 526; x_wconf 78' lang='lat' dir='ltr'>commissione</span> <span class='ocrx_word' id='word_1_31' title='bbox 573 493 711 535; x_wconf 86' lang='lat' dir='ltr'>speciali,</span> <span class='ocrx_word' id='word_1_32' title='bbox 737 494 794 524; x_wconf 85' lang='lat' dir='ltr'>aut</span> <span class='ocrx_word' id='word_1_33' title='bbox 822 492 1041 524; x_wconf 84' lang='lat' dir='ltr'>commissione</span> <span class='ocrx_word' id='word_1_34' title='bbox 1068 492 1232 524; x_wconf 77' lang='lat' dir='ltr'>senescalli</span> <span class='ocrx_word' id='word_1_35' title='bbox 1259 491 1370 531; x_wconf 83' lang='lat' dir='ltr'>nostri,</span> <span class='ocrx_word' id='word_1_36' title='bbox 1397 491 1423 523; x_wconf 91' lang='lat' dir='ltr'>si</span> <span class='ocrx_word' id='word_1_37' title='bbox 1449 491 1516 533; x_wconf 87' lang='lat' dir='ltr'>ipse</span> <span class='ocrx_word' id='word_1_38' title='bbox 1546 491 1663 523; x_wconf 86' lang='lat' dir='ltr'>habeat</span> 
     </span>
     <span class='ocr_line' id='line_1_6' title="bbox 193 560 1661 604; baseline -0.001 -10"><span class='ocrx_word' id='word_1_39' title='bbox 193 564 384 604; x_wconf 84' lang='lat' dir='ltr'>potestatem</span> <span class='ocrx_word' id='word_1_40' title='bbox 405 573 462 604; x_wconf 89' lang='lat' dir='ltr'>per</span> <span class='ocrx_word' id='word_1_41' title='bbox 483 564 626 594; x_wconf 83' lang='lat' dir='ltr'>nostram</span> <span class='ocrx_word' id='word_1_42' title='bbox 648 561 903 593; x_wconf 74' lang='lat' dir='ltr'>commissionem</span> <span class='ocrx_word' id='word_1_43' title='bbox 927 572 1108 603; x_wconf 81' lang='lat' dir='ltr'>expressam</span> <span class='ocrx_word' id='word_1_44' title='bbox 1131 561 1232 593; x_wconf 84' lang='lat' dir='ltr'>alium</span> <span class='ocrx_word' id='word_1_45' title='bbox 1256 561 1324 593; x_wconf 92' lang='lat' dir='ltr'>loco</span> <span class='ocrx_word' id='word_1_46' title='bbox 1352 572 1408 593; x_wconf 89' lang='lat' dir='ltr'>suo</span> <span class='ocrx_word' id='word_1_47' title='bbox 1435 560 1661 592; x_wconf 88' lang='lat' dir='ltr'>substituendi.</span> 
     </span>
     <span class='ocr_line' id='line_1_7' title="bbox 193 629 1510 673; baseline -0.001 -11"><span class='ocrx_word' id='word_1_48' title='bbox 193 630 264 663; x_wconf 87' lang='lat' dir='ltr'>Nec</span> <span class='ocrx_word' id='word_1_49' title='bbox 279 631 447 673; x_wconf 80' lang='lat' dir='ltr'>quisquam</span> <span class='ocrx_word' id='word_1_50' title='bbox 462 630 654 662; x_wconf 79' lang='lat' dir='ltr'>ballivorum</span> <span class='ocrx_word' id='word_1_51' title='bbox 669 632 850 662; x_wconf 87' lang='lat' dir='ltr'>nostrorum</span> <span class='ocrx_word' id='word_1_52' title='bbox 865 629 1074 672; x_wconf 79' lang='lat' dir='ltr'>imposterum</span> <span class='ocrx_word' id='word_1_53' title='bbox 1089 630 1262 662; x_wconf 83' lang='lat' dir='ltr'>vicecomes</span> <span class='ocrx_word' id='word_1_54' title='bbox 1277 630 1510 662; x_wconf 87' lang='lat' dir='ltr'>denominetur.</span> 
     </span>
    </p>

    <p class='ocr_par' dir='ltr' id='par_1_4' title="bbox 192 698 1665 946">
     <span class='ocr_line' id='line_1_8' title="bbox 237 698 1664 741; baseline -0.001 -10"><span class='ocrx_word' id='word_1_55' title='bbox 237 699 396 732; x_wconf 84' lang='lat' dir='ltr'>Volumus</span> <span class='ocrx_word' id='word_1_56' title='bbox 411 699 509 731; x_wconf 86' lang='lat' dir='ltr'>etiam</span> <span class='ocrx_word' id='word_1_57' title='bbox 529 699 615 741; x_wconf 88' lang='lat' dir='ltr'>quod</span> <span class='ocrx_word' id='word_1_58' title='bbox 637 698 812 731; x_wconf 89' lang='lat' dir='ltr'>concubine</span> <span class='ocrx_word' id='word_1_59' title='bbox 835 699 1035 731; x_wconf 84' lang='lat' dir='ltr'>sacerdotum</span> <span class='ocrx_word' id='word_1_60' title='bbox 1058 698 1144 730; x_wconf 80' lang='lat' dir='ltr'>infra</span> <span class='ocrx_word' id='word_1_61' title='bbox 1168 699 1367 740; x_wconf 90' lang='lat' dir='ltr'>procinctum</span> <span class='ocrx_word' id='word_1_62' title='bbox 1392 699 1470 731; x_wconf 89' lang='lat' dir='ltr'>dicti</span> <span class='ocrx_word' id='word_1_63' title='bbox 1495 698 1664 730; x_wconf 72' lang='lat' dir='ltr'>comitatus</span> 
     </span>
     <span class='ocr_line' id='line_1_9' title="bbox 193 767 1665 809; baseline -0.001 -10"><span class='ocrx_word' id='word_1_64' title='bbox 193 767 366 800; x_wconf 82' lang='lat' dir='ltr'>existentes</span> <span class='ocrx_word' id='word_1_65' title='bbox 380 779 399 799; x_wconf 87' lang='lat' dir='ltr'>a</span> <span class='ocrx_word' id='word_1_66' title='bbox 417 767 508 799; x_wconf 91' lang='lat' dir='ltr'>nobis</span> <span class='ocrx_word' id='word_1_67' title='bbox 531 779 586 799; x_wconf 92' lang='lat' dir='ltr'>seu</span> <span class='ocrx_word' id='word_1_68' title='bbox 608 767 763 800; x_wconf 74' lang='lat' dir='ltr'>ministris</span> <span class='ocrx_word' id='word_1_69' title='bbox 786 767 902 799; x_wconf 84' lang='lat' dir='ltr'>nostris</span> <span class='ocrx_word' id='word_1_70' title='bbox 927 767 1179 809; x_wconf 87' lang='lat' dir='ltr'>quibuscumque</span> <span class='ocrx_word' id='word_1_71' title='bbox 1203 770 1353 809; x_wconf 77' lang='lat' dir='ltr'>pretextu</span> <span class='ocrx_word' id='word_1_72' title='bbox 1377 768 1427 799; x_wconf 90' lang='lat' dir='ltr'>sui</span> <span class='ocrx_word' id='word_1_73' title='bbox 1452 767 1573 809; x_wconf 85' lang='lat' dir='ltr'>peccati</span> <span class='ocrx_word' id='word_1_74' title='bbox 1599 778 1665 799; x_wconf 88' lang='grc'><strong>11011</strong></span> 
     </span>
     <span class='ocr_line' id='line_1_10' title="bbox 193 835 1664 878; baseline -0.001 -10"><span class='ocrx_word' id='word_1_75' title='bbox 193 836 461 878; x_wconf 78' lang='lat' dir='ltr'>calumpnientur,</span> <span class='ocrx_word' id='word_1_76' title='bbox 477 847 533 868; x_wconf 90' lang='lat' dir='ltr'>seu</span> <span class='ocrx_word' id='word_1_77' title='bbox 548 847 675 878; x_wconf 91' lang='lat' dir='ltr'>quoquo</span> <span class='ocrx_word' id='word_1_78' title='bbox 691 836 785 868; x_wconf 91' lang='lat' dir='ltr'>modo</span> <span class='ocrx_word' id='word_1_79' title='bbox 800 847 858 878; x_wconf 90' lang='lat' dir='ltr'>per</span> <span class='ocrx_word' id='word_1_80' title='bbox 873 847 931 868; x_wconf 89' lang='lat' dir='ltr'>nos</span> <span class='ocrx_word' id='word_1_81' title='bbox 953 836 1003 868; x_wconf 90' lang='lat' dir='ltr'>vel</span> <span class='ocrx_word' id='word_1_82' title='bbox 1026 838 1160 875; x_wconf 81' lang='lat' dir='ltr'>nostros,</span> <span class='ocrx_word' id='word_1_83' title='bbox 1176 836 1228 868; x_wconf 87' lang='lat' dir='ltr'>vel</span> <span class='ocrx_word' id='word_1_84' title='bbox 1251 836 1412 868; x_wconf 77' lang='lat' dir='ltr'>occasione</span> <span class='ocrx_word' id='word_1_85' title='bbox 1435 835 1664 878; x_wconf 83' lang='lat' dir='ltr'>cujuscumque</span> 
     </span>
     <span class='ocr_line' id='line_1_11' title="bbox 192 904 1378 946; baseline 0 -10"><span class='ocrx_word' id='word_1_86' title='bbox 192 904 440 943; x_wconf 86' lang='lat' dir='ltr'>consuetudinis,</span> <span class='ocrx_word' id='word_1_87' title='bbox 457 905 492 936; x_wconf 89' lang='lat' dir='ltr'>in</span> <span class='ocrx_word' id='word_1_88' title='bbox 507 904 655 937; x_wconf 84' lang='lat' dir='ltr'>futurum</span> <span class='ocrx_word' id='word_1_89' title='bbox 670 916 727 946; x_wconf 88' lang='lat' dir='ltr'>per</span> <span class='ocrx_word' id='word_1_90' title='bbox 741 904 997 946; x_wconf 89' lang='lat' dir='ltr'>redempcionem</span> <span class='ocrx_word' id='word_1_91' title='bbox 1014 904 1063 936; x_wconf 89' lang='lat' dir='ltr'>vel</span> <span class='ocrx_word' id='word_1_92' title='bbox 1079 904 1172 936; x_wconf 88' lang='lat' dir='ltr'>aliter</span> <span class='ocrx_word' id='word_1_93' title='bbox 1187 904 1378 946; x_wconf 85' lang='lat' dir='ltr'>puniantur.</span> 
     </span>
    </p>

    <p class='ocr_par' dir='ltr' id='par_1_5' title="bbox 189 972 1666 1222">
     <span class='ocr_line' id='line_1_12' title="bbox 237 972 1665 1015; baseline 0 -10"><span class='ocrx_word' id='word_1_94' title='bbox 237 972 449 1005; x_wconf 86' lang='lat' dir='ltr'>Concedimus</span> <span class='ocrx_word' id='word_1_95' title='bbox 478 973 609 1015; x_wconf 85' lang='lat' dir='ltr'>insuper</span> <span class='ocrx_word' id='word_1_96' title='bbox 638 973 790 1015; x_wconf 84' lang='lat' dir='ltr'>predictis</span> <span class='ocrx_word' id='word_1_97' title='bbox 822 973 1006 1005; x_wconf 89' lang='lat' dir='ltr'>hominibus</span> <span class='ocrx_word' id='word_1_98' title='bbox 1041 973 1158 1005; x_wconf 89' lang='lat' dir='ltr'>nostris</span> <span class='ocrx_word' id='word_1_99' title='bbox 1196 974 1283 1015; x_wconf 92' lang='lat' dir='ltr'>quod</span> <span class='ocrx_word' id='word_1_100' title='bbox 1319 973 1459 1005; x_wconf 85' lang='lat' dir='ltr'>habeant</span> <span class='ocrx_word' id='word_1_101' title='bbox 1496 972 1665 1005; x_wconf 83' lang='lat' dir='ltr'>carbonem</span> 
     </span>
     <span class='ocr_line' id='line_1_13' title="bbox 189 1041 1663 1084; baseline -0.001 -10"><span class='ocrx_word' id='word_1_102' title='bbox 189 1046 352 1075; x_wconf 87' lang='lat' dir='ltr'>terrenum</span> <span class='ocrx_word' id='word_1_103' title='bbox 367 1043 402 1074; x_wconf 90' lang='lat' dir='ltr'>in</span> <span class='ocrx_word' id='word_1_104' title='bbox 423 1042 571 1074; x_wconf 61' lang='lat' dir='ltr'>Kumy</span> <span class='ocrx_word' id='word_1_105' title='bbox 590 1054 703 1074; x_wconf 60' lang='lat' dir='ltr'>wssTA</span> <span class='ocrx_word' id='word_1_106' title='bbox 726 1042 845 1084; x_wconf 87' lang='lat' dir='ltr'>absque</span> <span class='ocrx_word' id='word_1_107' title='bbox 861 1042 1092 1084; x_wconf 87' lang='lat' dir='ltr'>impedimento</span> <span class='ocrx_word' id='word_1_108' title='bbox 1115 1041 1225 1081; x_wconf 82' lang='lat' dir='ltr'>nostri,</span> <span class='ocrx_word' id='word_1_109' title='bbox 1242 1042 1294 1074; x_wconf 87' lang='lat' dir='ltr'>vel</span> <span class='ocrx_word' id='word_1_110' title='bbox 1309 1042 1465 1074; x_wconf 87' lang='lat' dir='ltr'>heredum</span> <span class='ocrx_word' id='word_1_111' title='bbox 1480 1043 1663 1073; x_wconf 86' lang='lat' dir='ltr'>nostrorum</span> 
     </span>
     <span class='ocr_line' id='line_1_14' title="bbox 192 1110 1666 1153; baseline -0.001 -10"><span class='ocrx_word' id='word_1_112' title='bbox 192 1121 248 1143; x_wconf 88' lang='lat' dir='ltr'>seu</span> <span class='ocrx_word' id='word_1_113' title='bbox 274 1111 494 1143; x_wconf 85' lang='lat' dir='ltr'>ministrorum</span> <span class='ocrx_word' id='word_1_114' title='bbox 521 1113 703 1143; x_wconf 90' lang='lat' dir='ltr'>nostrorum</span> <span class='ocrx_word' id='word_1_115' title='bbox 730 1122 1014 1153; x_wconf 87' lang='lat' dir='ltr'>quorumcumque,</span> <span class='ocrx_word' id='word_1_116' title='bbox 1042 1114 1073 1143; x_wconf 91' lang='lat' dir='ltr'>et</span> <span class='ocrx_word' id='word_1_117' title='bbox 1103 1110 1164 1142; x_wconf 92' lang='lat' dir='ltr'>hoc</span> <span class='ocrx_word' id='word_1_118' title='bbox 1193 1111 1235 1142; x_wconf 90' lang='lat' dir='ltr'>ad</span> <span class='ocrx_word' id='word_1_119' title='bbox 1266 1110 1374 1143; x_wconf 89' lang='lat' dir='ltr'>omnia</span> <span class='ocrx_word' id='word_1_120' title='bbox 1404 1110 1579 1142; x_wconf 85' lang='lat' dir='ltr'>necessaria</span> <span class='ocrx_word' id='word_1_121' title='bbox 1609 1121 1666 1141; x_wconf 87' lang='lat' dir='ltr'>sua</span> 
     </span>
     <span class='ocr_line' id='line_1_15' title="bbox 193 1178 1503 1222; baseline -0.001 -11"><span class='ocrx_word' id='word_1_122' title='bbox 193 1180 391 1222; x_wconf 88' lang='lat' dir='ltr'>complenda,</span> <span class='ocrx_word' id='word_1_123' title='bbox 407 1180 454 1212; x_wconf 88' lang='lat' dir='ltr'>ita</span> <span class='ocrx_word' id='word_1_124' title='bbox 469 1180 554 1221; x_wconf 92' lang='lat' dir='ltr'>quod</span> <span class='ocrx_word' id='word_1_125' title='bbox 571 1191 636 1212; x_wconf 93' lang='lat' dir='ltr'>non</span> <span class='ocrx_word' id='word_1_126' title='bbox 652 1180 798 1212; x_wconf 82' lang='lat' dir='ltr'>vendant</span> <span class='ocrx_word' id='word_1_127' title='bbox 813 1179 876 1212; x_wconf 90' lang='lat' dir='ltr'>nisi</span> <span class='ocrx_word' id='word_1_128' title='bbox 892 1180 926 1211; x_wconf 91' lang='lat' dir='ltr'>in</span> <span class='ocrx_word' id='word_1_129' title='bbox 942 1180 1044 1212; x_wconf 88' lang='lat' dir='ltr'>forma</span> <span class='ocrx_word' id='word_1_130' title='bbox 1060 1180 1100 1211; x_wconf 90' lang='lat' dir='ltr'>de</span> <span class='ocrx_word' id='word_1_131' title='bbox 1115 1179 1216 1211; x_wconf 85' lang='lat' dir='ltr'>boscis</span> <span class='ocrx_word' id='word_1_132' title='bbox 1231 1178 1367 1211; x_wconf 77' lang='lat' dir='ltr'>infen&#39;us</span> <span class='ocrx_word' id='word_1_133' title='bbox 1382 1180 1503 1211; x_wconf 86' lang='lat' dir='ltr'>notata.</span> 
     </span>
    </p>

    <p class='ocr_par' dir='ltr' id='par_1_6' title="bbox 187 1247 1667 1623">
     <span class='ocr_line' id='line_1_16' title="bbox 234 1247 1667 1290; baseline -0.001 -10"><span class='ocrx_word' id='word_1_134' title='bbox 234 1247 321 1280; x_wconf 88' lang='lat' dir='ltr'>Item</span> <span class='ocrx_word' id='word_1_135' title='bbox 344 1248 547 1280; x_wconf 88' lang='lat' dir='ltr'>concedimus</span> <span class='ocrx_word' id='word_1_136' title='bbox 569 1248 689 1280; x_wconf 89' lang='lat' dir='ltr'>eisdem</span> <span class='ocrx_word' id='word_1_137' title='bbox 712 1258 770 1290; x_wconf 88' lang='lat' dir='ltr'>pro</span> <span class='ocrx_word' id='word_1_138' title='bbox 792 1247 884 1280; x_wconf 89' lang='lat' dir='ltr'>nobis</span> <span class='ocrx_word' id='word_1_139' title='bbox 907 1250 939 1280; x_wconf 84' lang='lat' dir='ltr'>et</span> <span class='ocrx_word' id='word_1_140' title='bbox 963 1247 1134 1280; x_wconf 88' lang='lat' dir='ltr'>heredibus</span> <span class='ocrx_word' id='word_1_141' title='bbox 1160 1247 1277 1279; x_wconf 89' lang='lat' dir='ltr'>nostris</span> <span class='ocrx_word' id='word_1_142' title='bbox 1303 1247 1531 1289; x_wconf 84' lang='lat' dir='ltr'>inperpetuum</span> <span class='ocrx_word' id='word_1_143' title='bbox 1557 1257 1667 1279; x_wconf 89' lang='lat' dir='ltr'>omnes</span> 
     </span>
     <span class='ocr_line' id='line_1_17' title="bbox 192 1315 1666 1359; baseline -0.001 -11"><span class='ocrx_word' id='word_1_144' title='bbox 192 1316 271 1348; x_wconf 87' lang='lat' dir='ltr'>alias</span> <span class='ocrx_word' id='word_1_145' title='bbox 282 1316 445 1349; x_wconf 81' lang='lat' dir='ltr'>libertates</span> <span class='ocrx_word' id='word_1_146' title='bbox 460 1317 547 1359; x_wconf 85' lang='lat' dir='ltr'>leges</span> <span class='ocrx_word' id='word_1_147' title='bbox 562 1320 595 1349; x_wconf 93' lang='lat' dir='ltr'>et</span> <span class='ocrx_word' id='word_1_148' title='bbox 610 1316 856 1349; x_wconf 88' lang='lat' dir='ltr'>consuetudines</span> <span class='ocrx_word' id='word_1_149' title='bbox 870 1315 1068 1358; x_wconf 86' lang='lat' dir='ltr'>temporibus</span> <span class='ocrx_word' id='word_1_150' title='bbox 1084 1316 1327 1359; x_wconf 83' lang='lat' dir='ltr'>progenitorum</span> <span class='ocrx_word' id='word_1_151' title='bbox 1343 1318 1525 1348; x_wconf 87' lang='lat' dir='ltr'>nostrorum</span> <span class='ocrx_word' id='word_1_152' title='bbox 1539 1315 1666 1347; x_wconf 88' lang='lat' dir='ltr'>habitas</span> 
     </span>
     <span class='ocr_line' id='line_1_18' title="bbox 193 1385 1665 1427; baseline 0 -11"><span class='ocrx_word' id='word_1_153' title='bbox 193 1395 271 1426; x_wconf 84' lang='lat' dir='ltr'>quas</span> <span class='ocrx_word' id='word_1_154' title='bbox 286 1385 426 1427; x_wconf 86' lang='lat' dir='ltr'>presenti</span> <span class='ocrx_word' id='word_1_155' title='bbox 441 1388 528 1418; x_wconf 82' lang='lat' dir='ltr'>carta</span> <span class='ocrx_word' id='word_1_156' title='bbox 544 1387 652 1417; x_wconf 90' lang='lat' dir='ltr'>nostra</span> <span class='ocrx_word' id='word_1_157' title='bbox 667 1385 860 1418; x_wconf 84' lang='lat' dir='ltr'>innovamus</span> <span class='ocrx_word' id='word_1_158' title='bbox 879 1396 916 1417; x_wconf 89' lang='lat' dir='ltr'>ac</span> <span class='ocrx_word' id='word_1_159' title='bbox 937 1385 1171 1424; x_wconf 84' lang='lat' dir='ltr'>confirmamus,</span> <span class='ocrx_word' id='word_1_160' title='bbox 1189 1386 1330 1417; x_wconf 87' lang='lat' dir='ltr'>volentes</span> <span class='ocrx_word' id='word_1_161' title='bbox 1353 1385 1553 1416; x_wconf 87' lang='lat' dir='ltr'>omnimodas</span> <span class='ocrx_word' id='word_1_162' title='bbox 1576 1396 1665 1417; x_wconf 89' lang='lat' dir='ltr'>occu-</span> 
     </span>
     <span class='ocr_line' id='line_1_19' title="bbox 191 1452 1664 1495; baseline 0 -11"><span class='ocrx_word' id='word_1_163' title='bbox 191 1452 347 1495; x_wconf 83' lang='lat' dir='ltr'>paoiones,</span> <span class='ocrx_word' id='word_1_164' title='bbox 365 1454 569 1494; x_wconf 86' lang='lat' dir='ltr'>extorsiones,</span> <span class='ocrx_word' id='word_1_165' title='bbox 586 1456 618 1486; x_wconf 86' lang='lat' dir='ltr'>et</span> <span class='ocrx_word' id='word_1_166' title='bbox 641 1453 824 1486; x_wconf 81' lang='lat' dir='ltr'>exacciones</span> <span class='ocrx_word' id='word_1_167' title='bbox 847 1456 957 1486; x_wconf 85' lang='lat' dir='ltr'>contra</span> <span class='ocrx_word' id='word_1_168' title='bbox 983 1456 1104 1486; x_wconf 87' lang='lat' dir='ltr'>statum</span> <span class='ocrx_word' id='word_1_169' title='bbox 1130 1454 1305 1485; x_wconf 87' lang='lat' dir='ltr'>eorundem</span> <span class='ocrx_word' id='word_1_170' title='bbox 1331 1452 1529 1492; x_wconf 85' lang='lat' dir='ltr'>libertatum,</span> <span class='ocrx_word' id='word_1_171' title='bbox 1554 1453 1664 1495; x_wconf 89' lang='lat' dir='ltr'>legum</span> 
     </span>
     <span class='ocr_line' id='line_1_20' title="bbox 191 1521 1665 1564; baseline 0 -11"><span class='ocrx_word' id='word_1_172' title='bbox 191 1532 247 1553; x_wconf 84' lang='lat' dir='ltr'>seu</span> <span class='ocrx_word' id='word_1_173' title='bbox 262 1523 529 1554; x_wconf 83' lang='lat' dir='ltr'>consuetudinum</span> <span class='ocrx_word' id='word_1_174' title='bbox 552 1522 706 1555; x_wconf 87' lang='lat' dir='ltr'>hactenus</span> <span class='ocrx_word' id='word_1_175' title='bbox 723 1548 729 1554; x_wconf 90' lang='lat'>.</span> <span class='ocrx_word' id='word_1_176' title='bbox 749 1548 755 1554; x_wconf 90' lang='lat'>.</span> <span class='ocrx_word' id='word_1_177' title='bbox 776 1547 783 1554; x_wconf 93' lang='lat'><strong>.</strong></span> <span class='ocrx_word' id='word_1_178' title='bbox 801 1522 921 1554; x_wconf 85' lang='lat' dir='ltr'>irritari</span> <span class='ocrx_word' id='word_1_179' title='bbox 936 1522 1145 1564; x_wconf 88' lang='lat' dir='ltr'>inposterum,</span> <span class='ocrx_word' id='word_1_180' title='bbox 1163 1522 1287 1561; x_wconf 86' lang='lat' dir='ltr'>cassari,</span> <span class='ocrx_word' id='word_1_181' title='bbox 1305 1522 1476 1560; x_wconf 88' lang='lat' dir='ltr'>adnullari,</span> <span class='ocrx_word' id='word_1_182' title='bbox 1493 1533 1529 1553; x_wconf 88' lang='lat' dir='ltr'>ac</span> <span class='ocrx_word' id='word_1_183' title='bbox 1544 1521 1665 1554; x_wconf 86' lang='lat' dir='ltr'>nullius</span> 
     </span>
     <span class='ocr_line' id='line_1_21' title="bbox 187 1590 619 1623; baseline 0 -1"><span class='ocrx_word' id='word_1_184' title='bbox 187 1590 322 1622; x_wconf 86' lang='lat' dir='ltr'>efficacie</span> <span class='ocrx_word' id='word_1_185' title='bbox 337 1591 480 1622; x_wconf 86' lang='lat' dir='ltr'>decetero</span> <span class='ocrx_word' id='word_1_186' title='bbox 498 1590 619 1623; x_wconf 86' lang='lat' dir='ltr'>haberi.</span> 
     </span>
    </p>

    <p class='ocr_par' dir='ltr' id='par_1_7' title="bbox 190 1658 1663 1838">
     <span class='ocr_line' id='line_1_22' title="bbox 235 1658 1663 1701; baseline 0 -11"><span class='ocrx_word' id='word_1_187' title='bbox 235 1658 452 1691; x_wconf 85' lang='lat' dir='ltr'>Concedentes</span> <span class='ocrx_word' id='word_1_188' title='bbox 481 1660 580 1691; x_wconf 81' lang='lat' dir='ltr'>etiam</span> <span class='ocrx_word' id='word_1_189' title='bbox 615 1662 647 1691; x_wconf 90' lang='lat' dir='ltr'>et</span> <span class='ocrx_word' id='word_1_190' title='bbox 684 1659 827 1692; x_wconf 87' lang='lat' dir='ltr'>volentes</span> <span class='ocrx_word' id='word_1_191' title='bbox 864 1670 974 1692; x_wconf 86' lang='lat' dir='ltr'>omnes</span> <span class='ocrx_word' id='word_1_192' title='bbox 1011 1659 1107 1701; x_wconf 86' lang='lat' dir='ltr'>leges,</span> <span class='ocrx_word' id='word_1_193' title='bbox 1138 1659 1394 1698; x_wconf 87' lang='lat' dir='ltr'>consuetudines,</span> <span class='ocrx_word' id='word_1_194' title='bbox 1426 1670 1462 1691; x_wconf 84' lang='lat' dir='ltr'>ac</span> <span class='ocrx_word' id='word_1_195' title='bbox 1499 1658 1663 1691; x_wconf 88' lang='lat' dir='ltr'>libertates</span> 
     </span>
     <span class='ocr_line' id='line_1_23' title="bbox 190 1727 1660 1770; baseline 0 -12"><span class='ocrx_word' id='word_1_196' title='bbox 190 1727 349 1769; x_wconf 86' lang='lat' dir='ltr'>predictas</span> <span class='ocrx_word' id='word_1_197' title='bbox 373 1727 567 1769; x_wconf 86' lang='lat' dir='ltr'>specificatas</span> <span class='ocrx_word' id='word_1_198' title='bbox 593 1730 625 1759; x_wconf 90' lang='lat' dir='ltr'>et</span> <span class='ocrx_word' id='word_1_199' title='bbox 652 1739 717 1760; x_wconf 90' lang='lat' dir='ltr'>non</span> <span class='ocrx_word' id='word_1_200' title='bbox 744 1728 939 1770; x_wconf 84' lang='lat' dir='ltr'>specificatas</span> <span class='ocrx_word' id='word_1_201' title='bbox 965 1728 999 1759; x_wconf 88' lang='lat' dir='ltr'>iu</span> <span class='ocrx_word' id='word_1_202' title='bbox 1026 1727 1175 1760; x_wconf 87' lang='lat' dir='ltr'>omnibus</span> <span class='ocrx_word' id='word_1_203' title='bbox 1201 1730 1233 1760; x_wconf 90' lang='lat' dir='ltr'>et</span> <span class='ocrx_word' id='word_1_204' title='bbox 1261 1727 1399 1770; x_wconf 87' lang='lat' dir='ltr'>singulis</span> <span class='ocrx_word' id='word_1_205' title='bbox 1425 1727 1491 1759; x_wconf 90' lang='lat' dir='ltr'>suis</span> <span class='ocrx_word' id='word_1_206' title='bbox 1517 1727 1660 1759; x_wconf 85' lang='lat' dir='ltr'>articulis</span> 
     </span>
     <span class='ocr_line' id='line_1_24' title="bbox 190 1794 1042 1838; baseline 0.001 -12"><span class='ocrx_word' id='word_1_207' title='bbox 190 1794 324 1826; x_wconf 80' lang='lat' dir='ltr'>firmiter</span> <span class='ocrx_word' id='word_1_208' title='bbox 340 1797 372 1827; x_wconf 93' lang='lat' dir='ltr'>et</span> <span class='ocrx_word' id='word_1_209' title='bbox 387 1794 615 1827; x_wconf 85' lang='lat' dir='ltr'>inviolabiliter</span> <span class='ocrx_word' id='word_1_210' title='bbox 630 1795 790 1828; x_wconf 82' lang='lat' dir='ltr'>observari</span> <span class='ocrx_word' id='word_1_211' title='bbox 806 1796 1042 1838; x_wconf 89' lang='lat' dir='ltr'>inperpetuum.</span> 
     </span>
    </p>

    <p class='ocr_par' dir='ltr' id='par_1_8' title="bbox 187 1862 1660 2178">
     <span class='ocr_line' id='line_1_25' title="bbox 234 1862 1660 1907; baseline 0 -12"><span class='ocrx_word' id='word_1_212' title='bbox 234 1862 384 1895; x_wconf 85' lang='lat' dir='ltr'>Preterea</span> <span class='ocrx_word' id='word_1_213' title='bbox 414 1864 622 1896; x_wconf 84' lang='lat' dir='ltr'>concessimus</span> <span class='ocrx_word' id='word_1_214' title='bbox 650 1864 800 1906; x_wconf 86' lang='lat' dir='ltr'>predictis</span> <span class='ocrx_word' id='word_1_215' title='bbox 826 1864 1005 1903; x_wconf 81' lang='lat' dir='ltr'>abbatibus,</span> <span class='ocrx_word' id='word_1_216' title='bbox 1030 1864 1198 1907; x_wconf 83' lang='lat' dir='ltr'>prioribus,</span> <span class='ocrx_word' id='word_1_217' title='bbox 1224 1864 1448 1906; x_wconf 78' lang='lat' dir='ltr'>hospitalariis,</span> <span class='ocrx_word' id='word_1_218' title='bbox 1474 1863 1660 1905; x_wconf 83' lang='lat' dir='ltr'>templariis,</span> 
     </span>
     <span class='ocr_line' id='line_1_26' title="bbox 189 1931 1659 1972; baseline -0.001 -8"><span class='ocrx_word' id='word_1_219' title='bbox 189 1931 356 1971; x_wconf 81' lang='lat' dir='ltr'>militibus,</span> <span class='ocrx_word' id='word_1_220' title='bbox 372 1931 470 1964; x_wconf 87' lang='lat' dir='ltr'>libere</span> <span class='ocrx_word' id='word_1_221' title='bbox 485 1932 679 1971; x_wconf 86' lang='lat' dir='ltr'>tenentibus,</span> <span class='ocrx_word' id='word_1_222' title='bbox 691 1935 723 1965; x_wconf 90' lang='lat' dir='ltr'>et</span> <span class='ocrx_word' id='word_1_223' title='bbox 739 1944 849 1965; x_wconf 86' lang='lat' dir='ltr'>eorum</span> <span class='ocrx_word' id='word_1_224' title='bbox 864 1933 1057 1972; x_wconf 81' lang='lat' dir='ltr'>tenentibus,</span> <span class='ocrx_word' id='word_1_225' title='bbox 1071 1944 1107 1965; x_wconf 85' lang='lat' dir='ltr'>ac</span> <span class='ocrx_word' id='word_1_226' title='bbox 1122 1944 1233 1965; x_wconf 88' lang='lat' dir='ltr'>eorum</span> <span class='ocrx_word' id='word_1_227' title='bbox 1248 1932 1432 1965; x_wconf 87' lang='lat' dir='ltr'>hominibus</span> <span class='ocrx_word' id='word_1_228' title='bbox 1447 1933 1481 1964; x_wconf 90' lang='lat' dir='ltr'>in</span> <span class='ocrx_word' id='word_1_229' title='bbox 1497 1931 1659 1964; x_wconf 76' lang='lat' dir='ltr'>GOHERIA</span> 
     </span>
     <span class='ocr_line' id='line_1_27' title="bbox 187 2000 1658 2044; baseline -0.001 -11"><span class='ocrx_word' id='word_1_230' title='bbox 187 2000 418 2040; x_wconf 77' lang='lat' dir='ltr'>habitantibus,</span> <span class='ocrx_word' id='word_1_231' title='bbox 435 2004 467 2033; x_wconf 90' lang='lat' dir='ltr'>et</span> <span class='ocrx_word' id='word_1_232' title='bbox 484 2001 582 2033; x_wconf 82' lang='lat' dir='ltr'>etiam</span> <span class='ocrx_word' id='word_1_233' title='bbox 597 2001 781 2033; x_wconf 88' lang='lat' dir='ltr'>tenentibus</span> <span class='ocrx_word' id='word_1_234' title='bbox 797 2002 836 2033; x_wconf 90' lang='lat' dir='ltr'>de</span> <span class='ocrx_word' id='word_1_235' title='bbox 851 2002 1002 2034; x_wconf 88' lang='lat' dir='ltr'>maneriis</span> <span class='ocrx_word' id='word_1_236' title='bbox 1018 2001 1270 2044; x_wconf 87' lang='lat' dir='ltr'>quibuscumque</span> <span class='ocrx_word' id='word_1_237' title='bbox 1285 2001 1489 2033; x_wconf 85' lang='lat' dir='ltr'>rationabilia</span> <span class='ocrx_word' id='word_1_238' title='bbox 1505 2001 1658 2033; x_wconf 85' lang='lat' dir='ltr'>estoveria</span> 
     </span>
     <span class='ocr_line' id='line_1_28' title="bbox 188 2069 1658 2112; baseline -0.001 -11"><span class='ocrx_word' id='word_1_239' title='bbox 188 2069 228 2101; x_wconf 88' lang='lat' dir='ltr'>de</span> <span class='ocrx_word' id='word_1_240' title='bbox 258 2069 309 2101; x_wconf 87' lang='lat' dir='ltr'>die</span> <span class='ocrx_word' id='word_1_241' title='bbox 340 2069 494 2112; x_wconf 84' lang='lat' dir='ltr'>capienda</span> <span class='ocrx_word' id='word_1_242' title='bbox 520 2070 554 2101; x_wconf 92' lang='lat' dir='ltr'>in</span> <span class='ocrx_word' id='word_1_243' title='bbox 577 2069 726 2102; x_wconf 90' lang='lat' dir='ltr'>omnibus</span> <span class='ocrx_word' id='word_1_244' title='bbox 750 2072 781 2102; x_wconf 84' lang='lat' dir='ltr'>et</span> <span class='ocrx_word' id='word_1_245' title='bbox 805 2070 943 2112; x_wconf 85' lang='lat' dir='ltr'>singulis</span> <span class='ocrx_word' id='word_1_246' title='bbox 966 2069 1067 2102; x_wconf 87' lang='lat' dir='ltr'>boscis</span> <span class='ocrx_word' id='word_1_247' title='bbox 1091 2070 1207 2102; x_wconf 80' lang='lat' dir='ltr'>nostris</span> <span class='ocrx_word' id='word_1_248' title='bbox 1230 2069 1318 2102; x_wconf 82' lang='lat' dir='ltr'>infra</span> <span class='ocrx_word' id='word_1_249' title='bbox 1341 2081 1440 2111; x_wconf 87' lang='lat' dir='ltr'>aquas</span> <span class='ocrx_word' id='word_1_250' title='bbox 1466 2069 1658 2111; x_wconf 85' lang='lat' dir='ltr'>subscriptas</span> 
     </span>
     <span class='ocr_line' id='line_1_29' title="bbox 187 2137 1655 2178; baseline 0 -8"><span class='ocrx_word' id='word_1_251' title='bbox 187 2138 345 2170; x_wconf 85' lang='lat' dir='ltr'>contentis</span> <span class='ocrx_word' id='word_1_252' title='bbox 381 2137 530 2170; x_wconf 87' lang='lat' dir='ltr'>videlicet</span> <span class='ocrx_word' id='word_1_253' title='bbox 567 2137 784 2177; x_wconf 67' lang='lat' dir='ltr'>LozanRNE,</span> <span class='ocrx_word' id='word_1_254' title='bbox 818 2138 1069 2178; x_wconf 74' lang='lat' dir='ltr'>NORTHYRLYN,</span> <span class='ocrx_word' id='word_1_255' title='bbox 1101 2141 1134 2170; x_wconf 89' lang='lat' dir='ltr'>et</span> <span class='ocrx_word' id='word_1_256' title='bbox 1172 2138 1328 2177; x_wconf 58' lang='lat' dir='ltr'>Onam,</span> <span class='ocrx_word' id='word_1_257' title='bbox 1364 2137 1548 2170; x_wconf 89' lang='lat' dir='ltr'>habendum</span> <span class='ocrx_word' id='word_1_258' title='bbox 1586 2137 1655 2177; x_wconf 83' lang='lat' dir='ltr'>sibi,</span> 
     </span>
    </p>
   </div>
   <div class='ocr_carea' id='block_1_3' title="bbox 187 2205 1655 2249">
    <p class='ocr_par' dir='ltr' id='par_1_9' title="bbox 187 2205 1655 2249">
     <span class='ocr_line' id='line_1_30' title="bbox 187 2205 1655 2249; baseline 0 -10"><span class='ocrx_word' id='word_1_259' title='bbox 187 2205 425 2245; x_wconf 86' lang='lat' dir='ltr'>successoribus,</span> <span class='ocrx_word' id='word_1_260' title='bbox 452 2206 622 2239; x_wconf 87' lang='lat' dir='ltr'>heredibus</span> <span class='ocrx_word' id='word_1_261' title='bbox 651 2209 683 2239; x_wconf 89' lang='lat' dir='ltr'>et</span> <span class='ocrx_word' id='word_1_262' title='bbox 713 2207 778 2239; x_wconf 91' lang='lat' dir='ltr'>suis</span> <span class='ocrx_word' id='word_1_263' title='bbox 809 2207 980 2249; x_wconf 84' lang='lat' dir='ltr'>assignatis</span> <span class='ocrx_word' id='word_1_264' title='bbox 1007 2208 1244 2249; x_wconf 87' lang='lat' dir='ltr'>inperpetuum,</span> <span class='ocrx_word' id='word_1_265' title='bbox 1271 2208 1312 2239; x_wconf 89' lang='lat' dir='ltr'>ad</span> <span class='ocrx_word' id='word_1_266' title='bbox 1336 2231 1542 2239; x_wconf 87' lang='grc'>.......</span> <span class='ocrx_word' id='word_1_267' title='bbox 1567 2207 1655 2243; x_wconf 85' lang='lat' dir='ltr'>dum,</span> 
     </span>
    </p>
   </div>
  </div>
 </body>
</html>
