1820 2548
231 160 294 192 888

771 342 1063 375 DOCLXXVHI.

188 424 349 457 ROYAL
401 424 587 456 LETTER
639 423 696 456 TO
752 423 968 456 RICHARD
1023 423 1168 466 [EARL
1219 423 1278 455 OF
1330 422 1642 464 CORNWALLU

298 491 603 528 REQUESTING
634 491 812 524 ADVICE
851 491 1156 524 CONCERNING
1193 491 1291 523 THE
1330 490 1550 523 HOLDING
1586 489 1646 523 OF

297 560 609 593 OAERPHILLY
639 559 823 592 CASTLE.

391 641 488 684 [Pu.
513 642 554 672 55
578 640 707 672 HENRY
731 640 799 672 ΙΠ.
845 640 964 672 ΜΕΜΒ.
992 641 1018 672 l.
1065 639 1188 672 P.R.O.
1220 639 1275 672 UT
1305 639 1448 682 SUPRA]

232 722 303 754 Rex
326 722 479 754 R1cARn0
503 721 595 753 fratri
616 732 671 753 suo
691 721 834 753 salutem.
882 720 964 752 Cum
985 720 1193 752 LEWELmUs
1214 720 1298 752 filius
1314 720 1478 752 Gmrmm
1494 720 1647 763 Princeps

189 790 336 823 wirma
367 791 507 822 olamans
537 790 652 822 habere
683 789 737 831 jus
766 789 801 821 ’m
831 789 895 821 situ
925 793 956 821 et
985 790 1094 831 placea
1124 789 1217 821 castri
1242 788 1281 821 G.
1313 789 1352 820 de
1379 788 1494 820 Omma
1525 788 1648 821 comitis

189 859 422 892 Gtorcsssmuz
453 861 483 890 et
521 858 749 890 HERTFORDIE
780 858 818 889 de
856 857 1029 889 KAl-:erm
1059 860 1092 889 et
1119 868 1297 899 proponens
1326 857 1408 888 illud
1438 857 1586 888 dirimere
1615 860 1648 889 et

189 928 330 960 totaliter
359 929 556 970 prosternere
586 926 672 958 idem
703 928 840 958 castrum
877 925 1033 957 obsederit
1062 931 1094 957 et
1123 925 1208 957 idem
1242 936 1344 957 comes
1380 925 1490 957 audito
1520 936 1647 957 rumore

187 995 373 1028 obsessionis
398 995 484 1027 illius
514 995 555 1026 ad
585 1006 642 1026 nos
667 995 790 1026 venerit
820 997 852 1026 et
880 994 1037 1026 instanter
1066 993 1194 1035 petierit
1220 994 1306 1035 quod
1333 1004 1405 1025 cum
1430 993 1497 1035 ipse
1521 996 1650 1036 paratus

187 1052 267 1096 esset
304 1066 442 1096 castrum
480 1063 561 1094 illud
597 1063 632 1094 in
662 1074 795 1094 manum
824 1065 965 1094 nostram
994 1062 1125 1093 reddere
1162 1061 1243 1093 illud
1277 1061 1317 1093 ab
1354 1061 1422 1103 ipso
1459 1061 1650 1103 recipiamus

189 1133 365 1164 tenendum
387 1142 550 1173 quousque
573 1131 697 1173 prefato
721 1130 909 1162 annmxo
932 1133 963 1161 et
986 1129 1045 1161 sibi
1068 1130 1107 1161 de
1129 1129 1201 1172 jure
1223 1130 1310 1170 quod
1331 1129 1417 1161 idem
1439 1128 1648 1161 LEWELINth

187 1199 304 1232 habere
341 1199 457 1231 elamat
486 1198 521 1230 in
559 1200 659 1230 castro
690 1198 832 1240 predicto
868 1197 997 1240 justicia
1025 1196 1228 1229 exhiberetur
1263 1209 1274 1239 J
1282 1199 1358 1228 uxta
1388 1196 1525 1228 formam
1562 1197 1649 1239 pacis

188 1269 272 1300 inter
294 1279 352 1300 nos
375 1270 407 1299 et
430 1268 567 1299 eundem
591 1266 811 1298 stnmxcm
837 1266 915 1298 inite
938 1268 970 1297 et
990 1265 1114 1297 firmate
1137 1267 1169 1297 et
1193 1265 1367 1297 secundum
1390 1264 1477 1307 leges
1499 1264 1648 1304 marchio,

186 1340 315 1379 propter
357 1336 443 1378 quod
482 1347 539 1367 nos
572 1336 804 1377 perpendentes
834 1335 919 1376 quod
954 1346 992 1366 ex
1026 1333 1201 1365 obsessione
1239 1333 1295 1364 illa
1331 1336 1363 1364 et
1400 1333 1648 1374 congregacione

190 1405 344 1437 exercitus
379 1403 560 1435 LEWEHNI
594 1403 728 1445 predicti
761 1406 793 1434 et
829 1402 1075 1445 congregacione
1110 1402 1282 1433 amicorum
1315 1403 1348 1432 et
1385 1412 1474 1443 posse
1515 1400 1649 1442 predicti

192 1472 315 1505 comitis
351 1475 479 1514 possent
516 1471 623 1513 gravis
652 1471 794 1503 turbacio
824 1474 857 1502 et
885 1481 1001 1513 guerra
1026 1470 1060 1501 in
1089 1469 1233 1512 partibus
1262 1470 1400 1501 marchie
1430 1473 1462 1501 et
1492 1469 1569 1501 alibi
1594 1481 1652 1512 per

191 1544 379 1584 potestatem
404 1543 545 1572 nostram
566 1539 701 1572 suboriri
723 1542 895 1571 tractatum
914 1539 1102 1581 diligentem
1123 1538 1293 1570 habuimus
1312 1549 1383 1569 cum
1399 1538 1529 1570 consilio
1543 1539 1651 1570 nostro

193 1612 224 1641 et
250 1607 447 1651 providimus
473 1608 559 1649 quod
587 1610 724 1639 castrum
754 1607 835 1638 illud
862 1607 1005 1648 capiatur
1035 1609 1065 1637 et
1095 1606 1270 1637 retineatur
1295 1605 1330 1637 in
1359 1616 1458 1637 manu
1482 1607 1590 1637 nostra
1619 1608 1652 1638 et

192 1677 278 1720 quod
308 1676 348 1708 R.
377 1675 547 1708 CovENTR'
577 1678 609 1707 et
639 1674 739 1707 chn’
766 1679 797 1706 et
828 1674 866 1707 Gr.
895 1674 1054 1706 Wmonx’
1080 1674 1214 1716 episcopi
1243 1674 1404 1716 prefatum
1431 1673 1650 1705 LEWELINUM

193 1746 317 1777 adirent
345 1747 375 1776 et
400 1744 505 1786 ipsum
535 1755 574 1775 ex
598 1746 688 1786 parte
721 1747 829 1775 nostra
853 1744 1039 1775 inducerent
1064 1744 1100 1774 ut
1130 1741 1170 1774 ab
1199 1741 1376 1774 obsessione
1406 1742 1462 1773 issa
1491 1742 1650 1774 recederet

195 1814 249 1856 qui
281 1813 323 1845 sic
353 1813 395 1844 ad
423 1813 611 1844 mandatum
636 1815 780 1844 nostrum
804 1812 947 1843 fecerunt
976 1812 1007 1842 et
1038 1821 1109 1841 cum
1135 1810 1202 1852 ipso
1228 1812 1400 1841 tractatum
1429 1810 1504 1841 inde
1533 1809 1651 1841 habue-

194 1886 278 1913 runt.
347 1880 392 1912 Et
422 1881 494 1912 licet
523 1880 609 1912 idem
640 1879 848 1911 ansmnus
877 1879 1094 1922 perpendisset
1118 1879 1204 1920 quod
1230 1880 1367 1910 castrum
1392 1878 1473 1909 illud
1504 1877 1651 1910 dirimere

194 1953 226 1982 et
272 1949 399 1991 penitus
449 1952 645 1990 prosternere
693 1947 847 1990 potuisset
894 1947 980 1979 infra.
1030 1947 1163 1978 tercium
1209 1946 1294 1977 diem
1336 1946 1443 1977 taliter
1492 1945 1578 1977 inter
1619 1956 1653 1978 se

195 2017 423 2050 ordinaverunt
453 2017 537 2058 quod
565 2020 703 2048 castrum
733 2016 815 2048 illud
840 2017 1017 2047 remaneret
1043 2014 1077 2046 in
1107 2025 1206 2045 manu
1231 2017 1339 2045 nostra
1362 2013 1396 2045 in
1426 2014 1537 2046 eodem
1567 2017 1652 2046 statu

195 2096 258 2128 quo
280 2088 357 2117 tunc
380 2084 443 2116 fuit
469 2087 506 2115 ut
522 2084 556 2115 in
573 2084 672 2116 muris
686 2083 813 2115 fossatis
837 2082 1019 2115 bretaschiis
1041 2081 1231 2114 victualibus
1246 2084 1278 2114 et
1299 2081 1371 2113 aliis
1394 2081 1440 2113 ita
1455 2081 1539 2122 quod
1554 2081 1654 2113 nichil

194 2155 357 2196 reparetur
387 2153 582 2184 exaltaretur
615 2152 836 2184 karnalaretur
864 2151 1129 2184 bretaschiuretm·
1158 2149 1209 2182 vel
1242 2149 1304 2182 alio
1339 2150 1433 2181 modo
1468 2152 1569 2181 status
1598 2149 1653 2181 ille

193 2225 371 2253 mutaretur
390 2221 469 2252 citra
487 2220 684 2262 quindenam
702 2219 810 2252 Sancti
830 2219 1004 2251 Jomms
1026 2219 1193 2251 BAr'nsTss
1215 2217 1361 2260 proximo
1376 2217 1519 2249 futuram
1537 2217 1571 2249 in
1590 2229 1653 2259 qua
