1820 2548
1523 155 1586 186 797

785 308 1010 341 DCCXXXI.

165 390 326 423 GRANT
372 390 436 422 BY
480 389 741 421 ZEREUARD
787 389 850 421 AB
897 389 1085 429 PHELIP,
1134 389 1266 422 WITH
1312 390 1524 423 CONSENT
1570 391 1629 423 OF

272 457 615 496 HELTHEYLOU‚
648 456 729 489 HIS
760 457 897 495 WIFE,
930 457 987 490 TO
1019 457 1220 490 WRONOO
1251 458 1374 498 SEYS,
1407 459 1466 491 OF
1496 459 1629 492 LAND

273 526 459 559 OALLED
494 525 623 558 MAYS
661 525 891 564 TREYKIK,
924 525 1057 558 NEAR
1094 526 1396 559 LANGUNIHT.

703 606 877 649 [MARGAM
901 606 1094 649 CHARTER]

208 689 317 721 Sciant
351 700 381 730 p.
415 691 446 720 et
479 689 501 720 f.
527 689 611 730 quod
645 688 718 730 Ego
750 688 980 719 ZEREUARDFS
1013 688 1053 720 ab
1085 688 1220 720 Pnssmp
1255 701 1408 721 consensu
1442 695 1473 721 et
1505 701 1633 722 assensu

164 756 402 789 HELTHEYLOU
427 757 533 788 uxoris
555 768 624 788 mee
651 759 683 788 et
708 756 847 788 filiorum
875 768 1016 788 meorum
1041 760 1279 799 ceterorumque
1294 757 1448 790 heredum
1473 784 1479 789 .
1504 759 1578 790 dedi
1601 761 1633 790 et

166 825 303 857 concessi
318 828 349 857 et
364 826 422 857 hec
437 825 577 867 presenti
592 830 679 856 carta
699 836 770 856 mea
786 825 970 857 confirmavi
994 824 1165 857 WssoNoco
1183 825 1265 857 SEYs
1282 829 1383 858 totam
1403 829 1521 858 terram
1542 826 1632 858 illam

164 905 225 935 que
248 893 346 925 MAYs
370 893 533 925 TREYKIK
557 896 603 925 est
626 896 852 935 nnmpcupata.
901 893 972 928 Quo
995 894 1125 935 quidem
1148 896 1233 925 terra
1255 894 1339 936 jacet
1360 894 1455 936 juxta
1470 895 1556 926 viam
1572 906 1634 936 que

165 962 253 993 ducit
268 962 355 1003 apud
370 961 583 993 LANGUNIHT
599 962 633 993 in
649 964 739 1004 parte
756 962 945 993 occidentali
963 987 968 993 .
987 963 1163 994 extendens
1179 974 1211 994 se
1227 964 1268 994 ad
1280 963 1421 995 rivulum
1434 963 1489 1005 qui
1507 966 1634 995 vocatur

165 1029 402 1062 NANTREYKIK
423 1031 457 1061 in
481 1017 571 1072 parte
595 1030 742 1062 orientali
766 1030 805 1061 de
829 1030 880 1061 via
904 1030 1066 1062 commum·
1083 1031 1280 1063 ascendendo
1297 1043 1395 1074 usque
1411 1033 1452 1063 ad
1468 1032 1552 1063 viam
1574 1044 1635 1074 que

166 1099 255 1130 vadit
271 1099 306 1130 in
323 1099 477 1130 cimiterio
495 1099 614 1140 capelle
631 1099 670 1130 de
683 1098 857 1130 TREYKIK.
905 1098 1102 1130 Habendam
1118 1103 1149 1130 et
1162 1100 1335 1131 tenendam
1348 1099 1406 1132 sibi
1423 1103 1455 1132 et
1468 1100 1637 1132 heredibus

166 1168 231 1199 suis
250 1193 256 1198 .
272 1168 312 1199 de
328 1179 379 1199 me
394 1170 427 1199 et
441 1167 611 1199 heredibus
627 1167 706 1199 meis
721 1167 820 1199 libere
836 1167 943 1208 quiete
960 1171 990 1199 et
1013 1168 1142 1209 pacifice
1158 1168 1198 1200 ab
1221 1169 1308 1200 omni
1325 1169 1454 1201 servicio
1471 1169 1636 1201 exaccione

165 1237 198 1268 et
213 1236 381 1268 demanda.
429 1235 607 1267 Reddendo
623 1235 698 1267 inde
711 1235 881 1267 annuatim
898 1235 978 1267 mihi
995 1240 1026 1268 et
1039 1236 1210 1268 heredibus
1226 1237 1304 1269 meis
1319 1237 1385 1279 ipse
1399 1244 1430 1269 et
1442 1238 1572 1269 heredes
1588 1238 1637 1269 sui

165 1307 229 1336 ines
246 1304 353 1336 obolos
369 1304 450 1336 bone
465 1308 592 1336 monete
609 1305 650 1336 ad
666 1304 783 1336 festum
805 1304 844 1336 B.
867 1304 1063 1337 MICHAELIS
1086 1305 1270 1348 archangeli
1294 1317 1352 1348 pro
1375 1306 1518 1338 omnium
1541 1306 1638 1337 servi-

167 1373 286 1404 ciorum
318 1373 561 1414 acquietacione.
621 1372 685 1404 Pro
717 1373 775 1405 hac
804 1376 912 1404 autem
943 1374 1117 1406 donacione
1145 1378 1176 1405 et
1207 1374 1406 1406 concessione
1438 1374 1525 1406 dedit
1559 1374 1637 1406 mihi

166 1441 326 1482 predictus
342 1440 536 1473 WRONocUs
551 1452 651 1473 unam
666 1452 806 1473 marcam
823 1445 854 1473 et
870 1442 1038 1474 dimidiam
1054 1443 1181 1484 argenti
1197 1454 1252 1484 pre
1268 1442 1427 1474 manibus.
1474 1442 1548 1485 Ego
1563 1454 1637 1475 vero

167 1512 199 1541 et
214 1509 344 1541 heredes
358 1510 421 1541 mei
437 1509 579 1552 predicto
595 1509 767 1542 Wnoxoco
783 1513 814 1542 et
832 1510 1002 1542 heredibus
1014 1511 1079 1542 suis
1090 1511 1267 1553 predictam
1283 1515 1399 1542 terram
1410 1515 1520 1542 eontra
1530 1522 1638 1543 omnes

169 1581 200 1610 et
217 1578 351 1610 feminas
366 1578 652 1611 warantizabimus.
700 1579 744 1610 Et
762 1582 797 1610 ut
813 1579 871 1611 hec
892 1590 963 1612 mea
984 1580 1116 1612 donacio
1133 1583 1164 1611 et
1188 1580 1344 1612 concessio
1368 1583 1438 1611 rata
1461 1586 1491 1612 et
1516 1580 1638 1612 stabilis

167 1650 351 1688 permaneat
369 1673 374 1677 .
392 1658 462 1678 eam
472 1647 570 1689 sigilli
582 1647 644 1679 mei
657 1647 864 1689 impressione
877 1648 1031 1680 roboravi.
1080 1648 1157 1680 Hiis
1170 1648 1303 1680 testibus
1321 1674 1326 1679 .
1345 1648 1534 1680 Zizaim-mu)
1547 1648 1616 1680 Coiv
1630 1674 1636 1680 .

166 1714 315 1746 Mecum
331 1715 370 1747 ab
387 1715 573 1748 CNAYI'HOU
592 1741 598 1748 .
616 1716 717 1748 ENER
733 1716 773 1749 ab
791 1716 911 1748 Mance
930 1743 934 1748 .
953 1717 1102 1749 Mamm(
1118 1717 1158 1749 ab
1175 1717 1362 1749 Gxnmon
1387 1717 1427 1749 ab
1452 1717 1608 1749 Wnoxor
1627 1743 1633 1748 .

168 1783 291 1815 Winm
314 1783 354 1814 ab
378 1783 525 1815 MEYLER
550 1809 556 1815 .
583 1784 726 1816 W1LL1M
749 1784 790 1817 ab
812 1785 1002 1817 ZEREUARD
1024 1786 1065 1817 ab
1086 1785 1195 1817 Espus
1213 1811 1219 1817 .
1237 1785 1427 1817 ZEREUARD
1445 1785 1485 1817 ab
1499 1786 1603 1817 Espvs
1629 1812 1634 1816 .

163 1851 271 1883 Esi’Us
294 1851 334 1883 ab
354 1851 542 1883 meuffln
567 1878 574 1884 .
599 1852 787 1885 Lsswano
810 1853 1017 1885 memfl
1043 1853 1197 1886 HownLo
1220 1853 1260 1886 ab
1283 1853 1430 1886 Lovaaz
1455 1880 1460 1885 .
1488 1853 1630 1886 XVnmm

167 1919 208 1951 ab
223 1919 328 1951 Anffl
349 1945 354 1950 .
374 1919 465 1951 ans
481 1919 522 1952 ab
537 1919 705 1952 anmm
722 1921 762 1953 ab
779 1921 912 1954 GREFrr
930 1947 935 1953 .
953 1925 985 1954 et
1002 1922 1113 1954 multis
1129 1923 1210 1954 aliis.

211 1989 244 2020 A
260 1988 351 2020 small
367 1989 456 2029 lump
474 1989 537 2020 scal
553 1989 587 2020 in
604 1990 659 2021 red
676 2001 745 2021 wax
760 2002 767 2021 :
791 2002 810 2022 a
825 1990 1017 2023 merchant's
1033 1991 1132 2022 mark.

211 2057 433 2089 Endorsed—‘
445 2056 537 2089 Treie
555 2057 670 2098 Gyke.'

472 2125 553 2153 Philip
1155 2128 1234 2156 Espus-

455 2156 760 2213 zereimrd=Helthe510u⁴
1131 2186 1252 2209 Yereuard
