1820 2548
1534 237 1614 268 1101

186 396 331 429 maneria
360 396 400 427 de
431 394 670 432 SWAYNESEYE,
702 393 935 432 Osrmmurn’,
964 393 1145 431 Pmnmssn,
1172 392 1356 432 LoemmN,
1383 395 1416 425 et
1442 393 1560 425 Luam
1586 404 1659 425 oum

186 464 392 508 pertinentiis
407 466 439 495 et
454 462 613 506 predictas
630 462 857 494 advooaoiones
884 462 1087 494 eeclesiarum
1112 462 1152 493 de
1178 461 1420 500 SWAYNEsmOE,
1444 460 1604 493 TALssom·
1626 464 1658 494 et

188 532 422 571 OSTREMUTH’,
449 534 481 564 et
510 531 668 574 prioratus
691 531 730 562 de
752 529 1001 562 LANGUYNITH’
1033 542 1052 562 a
1082 530 1214 572 prefatis
1239 530 1390 562 HUGoNE
1417 532 1449 562 et
1475 529 1658 562 Ammon

187 602 326 645 recipere
341 601 440 644 possit
455 603 487 632 et
503 602 611 632 tenere
627 598 687 631 sibi
703 601 734 631 et
755 598 926 631 heredibus
949 599 1014 631 suis
1039 600 1079 631 de
1098 598 1190 631 nobis
1213 600 1245 630 et
1265 598 1436 631 heredibus
1462 598 1578 630 nostris
1601 610 1658 640 per

188 671 320 704 servicia
342 669 525 712 supradicta
547 668 784 710 imperpetuum
808 668 843 699 in
871 667 1065 700 escambium
1089 668 1269 710 predictum
1295 668 1376 700 sicut
1402 667 1581 710 predictum
1609 670 1656 699 est

188 743 298 773 tenore
312 738 512 782 presencium
528 737 675 769 similiter
690 737 856 769 licenciam
881 737 1028 768 dedimus
1051 737 1220 779 specialem
1246 737 1391 769 nolentes
1413 736 1498 778 quod
1521 735 1655 778 predicti

185 808 292 841 Hueo
307 810 339 840 et
361 807 545 839 AmANonA
569 805 621 837 vel
641 805 773 837 heredes
797 805 897 847 ipsius
924 805 1085 837 HUGONIS
1109 808 1165 837 aut
1191 805 1334 847 predicta
1357 804 1579 836 ELIZABETHA
1602 804 1653 835 vel

182 878 315 910 heredes
330 877 378 908 sui
394 875 519 907 racione
534 874 760 917 premissorum
772 885 828 916 per
843 885 901 906 nos
916 874 967 905 vel
983 873 1114 906 heredes
1125 876 1249 905 nostros
1272 873 1465 916 justiciarios
1480 874 1652 904 esoaetores

180 945 380 978 vicecomites
404 946 459 976 aut
486 943 564 975 alios
591 941 726 974 ballivos
751 953 806 974 seu
832 943 995 974 ministros
1022 944 1147 974 nostros
1171 953 1390 984 quoscumque
1415 941 1653 973 occasionantur

184 1015 394 1047 molestentur
422 1013 457 1045 in
484 1012 591 1054 aliquo
614 1023 669 1044 seu
692 1013 876 1054 graventur.
924 1011 965 1043 In
989 1011 1092 1054 cujus,
1116 1014 1174 1043 etc.
1221 1010 1316 1042 Teste
1344 1010 1436 1053 Rege
1459 1010 1544 1052 apud
1568 1009 1656 1041 Eno-

190 1094 305 1116 11ΑοοΜ
320 1094 352 1114 x.
370 1082 421 1114 die
437 1081 460 1114 J
461 1081 521 1113 ulii
539 1106 544 1112 .
562 1092 619 1123 per
634 1080 741 1122 ipsum
757 1079 898 1122 Regem.

798 1230 1046 1263 DCCOCVIII.

208 1313 444 1349 ORIGINAL
475 1312 663 1345 LETTER
695 1311 827 1344 FROM
860 1311 1005 1344 HUGH
1036 1312 1097 1344 LE
1128 1311 1416 1351 DESPENSER,
1447 1311 1639 1350 JUNIOR,

379 1381 437 1415 ΤΟ
468 1381 596 1414 JOHN
626 1380 788 1419 INGGE,
817 1380 1032 1412 SHERIFF
1060 1380 1120 1412 OF
1152 1380 1464 1413 GLAMORGAN.

406 1463 519 1504 [er.
544 1461 632 1494 Mes.
681 1461 813 1494 OOTTON
837 1461 908 1494 MS.
945 1462 1134 1494 VITELLIUS
1158 1461 1192 1493 O.
1217 1461 1274 1500 X„
1298 1461 1321 1493 f.
1349 1461 1439 1504 164.]

1305 1542 1410 1575 Och
1436 1542 1635 1574 1322-1323.

226 1625 361 1657 HUGHE
386 1625 416 1656 le
437 1624 640 1657 DESPENSER
661 1624 691 1656 le
712 1623 778 1655 fuiz
801 1635 820 1655 a
841 1627 947 1655 nostre
964 1623 1037 1656 cher
1053 1626 1085 1655 et
1100 1623 1174 1656 bien
1191 1635 1262 1655 ame
1277 1623 1437 1655 baohelier
1458 1623 1518 1655 sire
1536 1622 1559 1655 J
1561 1634 1654 1654 OHAN

182 1694 295 1727 INGGE
311 1696 402 1726 notre
417 1693 558 1725 visoonte
575 1693 615 1724 de
631 1692 876 1724 GLAMMORGAN
894 1693 1005 1724 salutz.

226 1763 320 1795 Nous
336 1773 447 1794 auoms
461 1761 537 1794 bien
553 1763 705 1793 ententuz
720 1761 766 1792 les
780 1760 891 1793 lettres
906 1773 945 1803 qe
960 1772 1039 1793 vous
1055 1773 1136 1793 nous
1154 1762 1360 1793 maundastes
1377 1773 1434 1803 par
1453 1760 1597 1793 Tnoms
1613 1761 1652 1792 de

180 1831 352 1864 Smumee
364 1832 396 1863 et
411 1830 457 1862 les
472 1830 566 1872 poinz
582 1831 737 1861 oontenuz
753 1840 793 1860 811
809 1829 840 1860 la
855 1829 931 1861 bille
948 1841 986 1871 qe
1002 1841 1080 1862 vous
1104 1841 1185 1862 nous
1201 1830 1407 1862 maundastes
1422 1841 1479 1871 par
1500 1829 1556 1860 lui.
1604 1828 1648 1860 Et

181 1899 308 1932 endroit
330 1899 370 1930 de
393 1909 446 1930 ceo
469 1909 508 1939 qe
530 1908 609 1929 vous
630 1908 711 1929 nous
735 1908 811 1929 auez
835 1898 959 1930 certefic
983 1910 1021 1940 qe
1044 1899 1172 1931 lesvnoz
1195 1910 1228 1930 se
1250 1900 1380 1940 portent
1403 1900 1594 1930 sarreement
1619 1900 1650 1929 et

179 1969 379 2000 meurement
401 1967 513 1998 deuers
534 1977 615 1998 nous
637 1992 643 1997 .
666 1977 744 1998 vous
765 1977 845 1998 nous
863 1977 940 1998 auez
961 1967 1044 1999 mult
1065 1978 1116 1998 ese
1137 1967 1176 1998 de
1199 1978 1284 2002 ouer,
1307 1970 1338 1999 et
1359 1966 1390 1998 18
1413 1969 1545 1998 rettoms
1565 1967 1649 1998 mult

181 2048 200 2069 a
215 2038 318 2068 vostre
334 2035 511 2067 avisement
524 2038 555 2066 et
572 2046 591 2066 11
606 2037 710 2066 vostre
725 2034 789 2067 bon
805 2038 877 2077 port
890 2040 978 2067 entre
996 2047 1077 2067 eaux
1091 2061 1097 2067 .
1112 2038 1143 2067 et
1155 2047 1194 2077 qe
1206 2046 1284 2067 vous
1293 2035 1339 2067 les
1351 2046 1460 2067 menez
1473 2035 1578 2066 ensint
1591 2046 1649 2076 par

139 2104 150 2109 “
180 2115 306 2144 resoun,
316 2104 491 2147 regardant
506 2105 580 2135 touz
596 2103 682 2135 iours
698 2105 805 2136 nostre
821 2104 917 2146 profit
930 2129 936 2136 .
951 2104 1035 2146 quils
1050 2115 1091 2136 118
1103 2106 1183 2136 ount
1194 2115 1285 2136 reson
1299 2104 1338 2135 de
1351 2114 1412 2135 eux
1425 2103 1569 2145 pleindre
1581 2114 1648 2134 mes

178 2175 284 2206 toutes
299 2172 385 2205 voies
400 2184 438 2214 qe
455 2183 516 2214 pur
531 2183 584 2204 ceo
601 2183 639 2214 qe
655 2177 780 2214 quaunt
791 2172 867 2204 hom
879 2173 975 2215 quide
991 2175 1072 2204 estre
1088 2173 1160 2215 plus
1172 2184 1253 2211 seur,
1270 2172 1370 2214 oplus
1386 2183 1424 2203 en
1438 2171 1544 2213 quiete
1559 2173 1591 2202 et
1607 2182 1647 2203 en

177 2253 261 2285 pees,
277 2242 357 2273 dont
379 2252 410 2273 se
432 2241 501 2273 doit
517 2240 592 2272 hom
612 2240 704 2272 mielz
720 2241 824 2272 auiser
839 2243 871 2273 et
892 2241 984 2273 mielz
1001 2241 1112 2283 garnir
1128 2244 1235 2273 contre
1256 2241 1301 2272 les
1322 2251 1419 2272 maux
1444 2242 1475 2271 et
1496 2239 1592 2281 perils
1607 2251 1646 2281 qe

173 2313 305 2354 porront
321 2309 451 2342 sourdre
469 2335 475 2340 .
494 2320 572 2341 vous
589 2309 728 2341 auisoms
749 2309 968 2352 enchargeant
989 2321 1043 2341 sur
1058 2310 1090 2341 la
1111 2309 1156 2341 foi
1178 2321 1217 2352 qe
1233 2320 1311 2341 vous
1335 2320 1416 2341 nous
1437 2309 1534 2340 deuez
1558 2319 1596 2350 qe
1620 2308 1646 2340 si
