1820 2548
1536 161 1597 193 991

172 318 379 361 conquerenti
400 317 527 360 justicie
550 317 606 349 fiat
629 316 907 358 complementum,
931 315 1076 358 alioquin
1103 327 1159 357 per
1185 327 1252 355 nos,
1275 315 1406 348 heredes
1428 319 1561 356 nostros,
1585 319 1642 350 aut

170 387 332 419 ministros
348 390 480 425 nostros,
497 385 639 417 defectus
655 385 829 417 eorundem
845 385 902 417 illa
918 385 986 417 vice
1002 384 1198 426 suppleatur.

214 455 374 488 Volumus
396 454 495 486 eciam
518 454 603 496 quod
625 454 651 485 si
674 453 827 485 animalia
850 454 1067 495 predictorum
1097 452 1299 495 reperiantur
1321 452 1406 484 infra
1429 453 1571 485 maneria
1601 454 1641 486 de

171 522 438 566 Osrmm[ourn]
478 522 673 555 LANDYMOR
703 533 758 554 seu
788 521 941 561 Rossnffl,
971 523 1022 554 vel
1053 521 1130 553 alibi
1160 522 1195 553 in
1226 521 1378 554 eschaetis
1404 523 1460 554 aut
1484 521 1577 554 terris
1601 523 1641 554 de

173 592 347 635 perquisito
363 593 502 634 dampna
517 591 663 623 faciendo
679 591 811 622 emende
827 591 908 622 fiant
923 590 1005 622 siout
1021 590 1146 622 vicinus
1162 590 1267 622 vicino
1284 590 1388 622 facere
1410 592 1547 622 tenetur.

215 660 373 693 Medietas
387 660 531 692 redditus
546 670 713 701 parcorum
728 670 794 691 non
810 659 952 691 solvatur
967 659 1082 691 amodo
1099 670 1157 691 nec
1173 659 1322 702 exigatur
1344 659 1444 691 donec
1467 659 1578 691 boscus
1600 660 1641 691 de

173 728 267 761 cmm
285 729 378 760 modo
394 727 500 760 debito
516 728 719 770 imparcetur.

214 797 290 829 Non
321 797 465 838 capiatur
493 797 636 828 decetero
670 796 854 838 muragium
893 796 932 827 de
970 795 1122 838 predictis
1159 796 1246 838 apud
1284 794 1535 827 SVEYNESEYAM
1574 796 1641 828 sine

170 866 336 898 voluntate
352 868 383 897 et
399 864 545 896 unanimi
561 875 715 896 consensu
730 865 914 896 eorundem.

213 933 283 966 Nec
297 933 411 975 aliquis
428 933 610 965 detineatur
624 933 659 965 in
674 932 802 975 prisona
818 935 927 964 nostra
943 933 1022 964 dum
1039 932 1207 964 duodecim
1230 934 1473 974 manucaptores
1495 932 1639 964 invenire

169 1002 268 1045 possit
305 1002 411 1034 standi
441 1004 527 1034 recto
565 1002 600 1033 in
627 1001 780 1034 comitatu
811 1004 919 1033 nostro
956 1001 1161 1033 ANGLICANO
1191 1000 1254 1032 nisi
1283 1012 1340 1042 pro
1370 1003 1472 1032 morte
1502 1000 1642 1032 hominis

168 1070 316 1113 nequiter
331 1073 363 1102 et
377 1082 434 1112 per
453 1070 607 1102 feloniam
630 1070 789 1102 interfecti
813 1072 924 1112 captus
947 1081 1043 1111 super
1065 1069 1187 1101 factum
1209 1072 1352 1101 recenter
1374 1069 1586 1109 commissum,
1610 1071 1643 1101 et

168 1139 263 1171 modo
280 1137 386 1170 debito
401 1138 587 1176 indictatus,
604 1137 657 1169 vel
672 1137 734 1169 nisi
751 1137 850 1170 fuerit
866 1139 949 1170 latro
966 1149 1037 1170 cum
1053 1149 1247 1180 manuopere
1258 1138 1416 1170 latrocinii
1427 1137 1643 1180 deprehensus

168 1208 336 1240 duodecim
359 1207 507 1239 denarios
529 1207 720 1246 excedentis,
745 1218 800 1239 seu
822 1207 1026 1239 incendiarus
1050 1208 1218 1239 domorum
1242 1207 1292 1238 vel
1315 1209 1471 1239 tassorum
1494 1207 1642 1249 nequiter

168 1276 203 1308 in
218 1276 339 1308 felom'a
354 1276 498 1307 faciendo
515 1278 625 1317 captus
641 1278 673 1307 et
688 1276 749 1307 rite
764 1275 937 1307 indictatus
954 1278 984 1307 et
1001 1275 1177 1318 utlagatus,
1199 1275 1301 1318 patrie
1324 1275 1499 1318 abjurator,
1523 1276 1642 1307 fractor

167 1344 294 1386 prisone
315 1347 422 1376 nostre
445 1344 539 1376 castri
562 1344 662 1376 nostri
685 1344 724 1376 de
747 1343 946 1376 SYENESEYA
970 1344 1003 1376 in
1035 1345 1147 1376 eodem
1169 1347 1299 1387 propter
1321 1344 1485 1383 feloniam,
1509 1346 1566 1377 aut
1585 1356 1642 1387 per

168 1411 326 1454 judicium
356 1412 442 1444 curie
466 1412 500 1444 in
527 1412 611 1444 ferro
642 1413 791 1444 detentus
821 1412 919 1445 falsor
953 1415 1081 1444 monete
1112 1424 1184 1445 cum
1214 1413 1437 1445 instrumentis
1467 1413 1640 1445 monetarii

168 1483 289 1523 captus,
305 1481 356 1513 vel
371 1481 664 1513 excommunicatus
680 1482 721 1513 ad
736 1481 927 1513 instanciam
944 1481 1083 1524 episcopi
1098 1481 1321 1514 incarceratus.

211 1548 253 1581 In
281 1549 404 1581 casibus
429 1553 538 1582 autem
562 1550 690 1590 felonia,
716 1550 825 1582 nullus
856 1550 1010 1582 efficiatur
1037 1550 1253 1592 responsibilis
1279 1551 1319 1582 ad
1347 1553 1465 1582 sectam
1495 1552 1636 1582 nostram

170 1618 288 1660 absque
319 1618 502 1650 rationabili
528 1619 769 1658 indicamento,
796 1619 847 1651 vel
877 1619 938 1651 nisi
969 1619 1068 1651 fuerit
1094 1619 1177 1650 latro
1208 1630 1280 1650 cum
1304 1630 1498 1660 manuopere
1524 1621 1634 1660 captus

166 1686 335 1718 duodecim
357 1686 504 1719 denarios
526 1688 707 1719 excedente.
754 1686 824 1720 Nec
845 1688 988 1720 decetero
1012 1687 1162 1730 probator
1178 1698 1286 1719 vocem
1309 1687 1425 1719 habeat
1442 1698 1636 1729 quemquam

167 1754 363 1797 appellandi.

209 1823 330 1856 Nullus
350 1824 480 1866 insuper
499 1823 586 1856 infra
606 1825 805 1867 procinctum
826 1825 904 1857 dicti
928 1825 1098 1857 comitatus
1122 1825 1319 1856 ANGLchm
1346 1835 1403 1866 per
1423 1824 1635 1857 WALLENSES

165 1903 220 1924 seu
246 1891 381 1924 ballivos
407 1895 540 1931 nostros,
568 1894 625 1924 aut
651 1893 775 1935 aliquos
802 1894 841 1925 de
868 1893 994 1925 familia
1018 1895 1127 1926 nostra
1155 1893 1328 1926 existentes
1353 1893 1528 1925 indictetur
1555 1918 1561 1925 .
1588 1895 1636 1925 set

164 1960 363 1993 solummodo
385 1972 440 2003 per
461 1961 627 1993 duodecim
649 1962 767 2004 legales
783 1965 815 1994 et
830 1962 945 1995 liberos
968 1962 1115 1994 homines
1137 1973 1202 1994 non
1226 1964 1386 2004 suspectos
1401 1962 1443 1994 ad
1465 1961 1524 1994 hoo
1547 1962 1633 1994 idem

163 2029 270 2072 sigilla
296 2040 353 2060 sua
379 2032 533 2071 ponentes
558 2056 564 2061 .
590 2029 636 2061 ita
660 2030 743 2071 quod
771 2030 853 2062 illud
878 2030 1147 2063 indictamentum
1176 2030 1210 2062 in
1237 2030 1325 2062 curia
1349 2030 1537 2062 ostendatur
1564 2030 1590 2062 si
1619 2041 1639 2062 a

162 2096 370 2130 sectatoribus
385 2097 463 2129 dicti
480 2097 650 2130 comitatus
665 2101 802 2140 petatur.

208 2165 278 2198 Nec
300 2165 416 2207 aliquis
443 2166 482 2197 de
506 2167 671 2208 procinctu
694 2167 771 2199 dicti
794 2167 964 2200 comitatus
987 2168 1102 2199 amodo
1124 2167 1316 2210 respondeat
1339 2166 1416 2198 alibi
1439 2167 1479 2198 de
1502 2166 1636 2208 quibus-

162 2245 297 2276 cumque
313 2233 494 2267 accionibus
508 2235 646 2267 realibus
663 2247 718 2268 seu
734 2235 954 2278 personalibus
970 2247 1067 2278 quam
1084 2236 1118 2267 in
1135 2235 1289 2268 comitatu
1304 2237 1412 2267 nostro
1428 2235 1582 2277 predicto.
