1820 2548
1531 161 1593 192 725

169 317 335 350 LANDOCH
360 329 416 360 pro
440 318 586 350 omnibus
609 318 747 350 serviciis
772 318 896 359 quei-eis
922 318 1012 349 sectis
1036 317 1195 349 curiarum
1222 317 1351 349 herietis
1374 318 1488 348 wardis
1511 317 1635 349 releviis

169 387 299 419 auxiliis
323 388 452 419 escaetis
480 391 511 419 et
540 398 597 429 pro
624 386 772 418 omnibus
803 387 873 418 aliis
897 386 1089 418 secularibus
1119 386 1295 417 demendis.
1344 386 1405 417 Pro
1437 386 1497 417 hiis
1527 388 1634 417 autem

167 455 341 487 donacione
357 455 554 487 concessione
570 458 602 486 et
616 454 715 497 hujus
731 455 886 496 presentis
902 457 985 486 carte
1008 465 1077 486 mee
1093 455 1331 486 confirmatione
1348 455 1508 496 predictus
1521 453 1633 485 Ysmc

168 523 249 555 mihi
271 524 360 556 dedit
382 523 587 566 premanibus
603 525 667 555 tres
682 524 798 555 solidos
814 523 940 565 argenti
956 523 990 554 in
1005 523 1222 565 recognitione
1242 525 1273 554 et
1290 523 1370 554 mihi
1386 523 1491 564 quiete
1513 522 1633 554 remisit

171 593 339 634 sexaginta
355 595 386 624 et
402 604 502 624 imum
519 592 634 624 solidos
650 592 776 634 argenti
793 603 871 633 quos
887 591 943 623 sibi
962 591 1058 623 debui
1074 603 1130 633 per
1145 591 1297 633 scriptum
1313 602 1429 623 meum.
1474 590 1546 632 Ego
1563 601 1634 622 vero

169 660 311 702 predicta
337 660 476 692 Oneum
492 664 524 692 et
547 660 678 692 heredes
700 660 762 691 mei
786 660 927 702 predicto
945 659 1057 691 YsAAc
1080 662 1112 691 et
1126 659 1296 691 heredibus
1319 659 1383 691 suis
1400 659 1450 690 vel
1465 659 1635 701 assignatis

169 728 234 760 suis
245 731 350 760 totum
366 729 544 770 predictum
560 731 780 760 tenementum
797 740 867 759 cum
884 728 1034 769 predictis
1049 740 1159 760 manso
1176 731 1206 760 et
1219 728 1346 760 cmtisso
1359 731 1390 759 et
1403 739 1475 759 cum
1487 727 1634 759 omnibus

168 796 370 838 pertinentiis
401 797 465 828 suis
500 797 729 838 prenominatis
760 808 816 838 pro
847 797 996 838 predictis
1026 797 1204 828 redditibus
1235 797 1409 828 secundum
1440 796 1574 827 formam
1600 796 1634 827 in

169 864 316 896 omnibus
331 865 536 907 prescriptam
551 865 777 907 inperpetuum
795 865 1071 896 warantizabimus
1092 865 1300 896 defendemus
1317 867 1348 896 et
1369 864 1633 906 adquietabimus.

169 932 215 964 Et
240 937 273 964 ut
297 933 353 965 hec
376 945 446 965 mea
469 933 600 965 donacio
624 934 779 965 concessio
803 936 835 964 et
858 933 956 975 hujus
971 934 1125 976 presentis
1148 938 1232 964 carte
1255 944 1323 964 mee
1347 933 1546 964 confirmacio
1571 935 1637 964 rate

169 1006 201 1032 et
224 1001 352 1033 stabiles
374 1002 408 1033 in
432 1004 593 1044 posterum
618 1009 823 1043 permaneant
847 1002 921 1033 huic
944 1002 1082 1043 presenti
1099 1004 1183 1033 carte
1204 1001 1347 1043 sigillum
1362 1012 1470 1032 meum
1493 1001 1635 1042 apposui.

168 1068 247 1101 Hiis
273 1070 407 1102 testibus
427 1095 434 1102 .
458 1070 633 1103 WALTERO
661 1071 699 1101 de
727 1069 892 1101 Rmxoxi·
916 1095 921 1100 .
952 1070 1116 1101 Pmmppo
1145 1068 1338 1101 Tffliaoonn
1362 1094 1367 1100 .
1393 1068 1568 1101 WALTERO
1599 1069 1638 1100 de

170 1136 285 1169 COGAN
304 1163 310 1170 .
327 1138 543 1170 ALEXANDRO
570 1139 635 1170 filio
660 1138 827 1170 Minium
855 1164 860 1169 .
886 1138 1054 1169 Pmmpo
1078 1137 1143 1170 filio
1167 1137 1255 1169 Eme
1275 1163 1280 1168 .
1300 1137 1413 1168 Pereo
1440 1138 1469 1168 Ic
1493 1137 1635 1168 FnANc.

169 1205 296 1238 THOMA
312 1206 506 1238 THURGOUD
527 1233 532 1238 .
550 1211 582 1238 et
597 1207 708 1238 muitis
724 1207 803 1238 aliis.

822 1375 990 1408 DCLXV.

213 1457 380 1490 PHILIP
424 1457 657 1490 THURGOD
706 1457 891 1490 GRANTS
938 1458 994 1490 TO
1042 1457 1122 1490 HIS
1167 1457 1254 1490 SON
1302 1457 1522 1490 WILLIAM
1568 1457 1601 1488 A

455 1525 616 1558 MANSE
656 1526 709 1558 IN
747 1526 1036 1558 LANDOWSSE
1075 1525 1357 1569 [LANDOGH]

667 1607 771 1650 [Amr
797 1608 973 1643 CHARTER.
999 1607 1144 1649 24‚284.]
1519 1606 1596 1638 SD.

210 1688 318 1720 Sciant
337 1691 496 1730 presentes
521 1691 552 1720 et
570 1689 674 1720 futuri
697 1690 782 1731 quod
804 1700 863 1731 ego
887 1689 1076 1720 Pfflmpus
1098 1687 1267 1720 Tuuneon
1290 1688 1364 1719 dedi
1382 1687 1517 1719 concessi
1534 1689 1564 1718 et
1581 1687 1640 1718 hac

173 1757 312 1798 presenti
343 1759 429 1788 carta
459 1769 530 1789 mea
560 1758 744 1789 confirmavi
774 1757 969 1790 WinLElmo
1000 1757 1065 1788 filio
1097 1768 1167 1789 meo
1198 1757 1358 1798 quoddam
1389 1767 1537 1787 mansum
1568 1767 1639 1787 cum

172 1825 340 1867 curtilagio
371 1825 479 1866 jacens
510 1826 543 1858 in
574 1827 705 1858 australi
734 1830 823 1869 parte
855 1827 1002 1858 cimiterii
1028 1827 1067 1858 de
1095 1825 1302 1857 LANnowssE
1336 1836 1392 1867 pro
1420 1824 1549 1856 servicio
1573 1836 1637 1856 sno.

172 1893 362 1926 Tenendum
379 1897 410 1924 et
426 1893 608 1926 habendum
625 1906 682 1936 pro
698 1906 749 1926 me
765 1898 797 1926 et
813 1895 982 1926 heredibus
997 1895 1076 1926 meis
1092 1894 1142 1926 vel
1157 1893 1328 1936 assignatis
1345 1893 1405 1925 sibi
1421 1896 1451 1924 ct
1472 1892 1640 1924 heredibus

172 1962 237 1993 suis
260 1961 311 1993 vel
335 1961 398 1992 suis
421 1961 590 2004 assignatis
613 1962 710 1994 libere
735 1963 840 2004 quiete
872 1963 999 2004 pacifice
1022 1963 1147 2004 integre
1172 1968 1203 1993 et
1228 1961 1417 1993 hereditarie
1441 1961 1508 1992 sine
1532 1961 1638 2002 aliquo

174 2034 391 2062 retenemento
415 2030 478 2061 mei
501 2031 550 2062 vel
573 2041 716 2063 meorum
740 2031 773 2062 in
796 2036 995 2073 perpetuum.
1044 2031 1221 2063 Reddendo
1245 2030 1319 2061 inde
1343 2029 1511 2061 annuatim
1528 2029 1593 2071 ipse
1609 2032 1641 2061 et

174 2099 305 2131 heredes
323 2099 370 2130 sui
387 2098 437 2130 vel
453 2099 607 2141 assignati
623 2111 723 2131 unum
740 2100 906 2131 denarium
932 2099 1058 2141 argenti
1082 2098 1256 2131 Wmffmo
1272 2099 1311 2130 de
1336 2098 1448 2129 REYNJ
1474 2097 1642 2129 heredibus

173 2168 237 2199 suis
260 2167 311 2199 vel
334 2167 398 2199 suis
420 2168 590 2210 assignatis
614 2170 645 2199 et
669 2168 797 2210 capitali
813 2169 942 2201 domino
964 2169 1003 2200 dc
1020 2168 1226 2200 LANnowssm
1244 2167 1299 2209 qui
1316 2178 1372 2208 pro
1388 2168 1529 2208 tempore
1546 2166 1642 2197 fuerit.

174 2236 252 2267 111J''¹·
269 2236 310 2267 ad
326 2235 444 2267 festum
467 2235 575 2268 Sancti
592 2236 786 2268 anfflms
802 2248 859 2279 pro
875 2236 1022 2269 omuibus
1039 2236 1176 2268 serviciis
1199 2236 1336 2277 querelis
1360 2235 1643 2267 consuetudinibus
