1820 2548
215 243 297 274 1094

215 398 279 433 Qui
303 397 413 429 dicunt
437 409 493 439 per
516 408 625 429 eorum
648 397 881 428 sacramentum
910 395 996 437 quod
1025 394 1207 427 JOHANNES
1229 393 1350 426 Imm
1374 393 1545 425 defunctus
1566 392 1631 425 fuit

170 466 296 498 seisitus
311 466 363 498 die
386 477 448 508 quo
470 465 548 497 obiit
571 465 606 497 in
630 465 782 497 comitatu
799 464 941 506 predicto
964 463 999 495 in
1019 463 1096 495 villa
1121 463 1161 495 de
1187 462 1433 494 aneswsnnn
1455 461 1572 494 scilieet
1595 461 1630 494 in

171 534 337 567 hundredo
357 534 397 566 de
417 533 653 567 WORMELOWE
675 533 714 564 de
741 544 805 564 uno
827 531 990 574 mesuagio
1010 531 1148 574 triginta
1168 531 1248 562 acris
1270 533 1352 562 terre
1371 532 1404 562 et
1423 529 1525 562 tribus
1550 530 1631 562 acris

170 606 298 645 pasture
314 613 385 634 cum
401 601 603 644 pertinentiis
617 612 678 643 que
693 603 844 632 tenentur
859 601 899 632 de
915 599 936 632 J
938 610 1079 631 OHANNE
1095 599 1135 630 de
1158 598 1391 630 Bmmzsmmi:
1413 609 1471 640 per
1492 598 1628 630 fidelita-

169 675 235 703 tem
253 670 318 713 [et]
337 673 454 702 sectam
469 670 565 708 curie,
581 672 613 701 et
629 680 686 712 per
701 668 868 701 servicium
884 671 1004 710 septem
1019 667 1193 699 solidorum
1213 669 1245 699 et
1268 668 1404 708 quatuor
1425 666 1630 699 denariorum

168 739 268 770 annui
290 738 434 770 redditus
456 749 514 780 pro
537 738 624 769 omni
651 737 781 769 servicio
813 739 845 768 et
867 735 1013 768 faciendo
1037 735 1206 766 annuatim
1230 734 1374 776 episcopo
1397 733 1629 766 Hnmzronnn:

169 818 271 839 unum
286 806 424 839 obolum.
471 806 517 838 Et
532 806 641 837 valent
656 816 712 847 per
727 815 848 836 annum
864 804 972 836 decem
988 803 1104 835 solidos
1119 806 1151 835 et
1166 806 1230 835 tres
1253 802 1400 834 denarios
1422 803 1456 834 in
1481 802 1629 835 omnibus

173 875 320 908 exitibus.

212 944 297 976 Item
321 945 432 976 dieunt
456 944 542 985 quod
566 944 651 975 idem
672 942 693 974 J
696 953 853 974 onANNEs
877 941 998 973 IWAYN
1019 940 1084 972 fuit
1106 940 1230 972 seisitus
1250 940 1302 971 die
1323 951 1386 982 quo
1405 939 1483 972 obiit
1503 940 1544 972 de
1563 949 1629 971 uno

170 1013 334 1056 mesuagio
354 1017 385 1044 et
403 1012 570 1044 duodecim
585 1012 665 1043 acris
680 1014 762 1044 terre
779 1021 851 1042 cum
866 1009 1067 1052 pertinentiis
1080 1009 1115 1040 in
1131 1009 1241 1040 eadem
1257 1008 1334 1040 villa
1348 1020 1410 1050 que
1425 1010 1576 1040 tenentur
1589 1009 1630 1041 de

171 1081 364 1114 Wmnmo
395 1082 434 1113 de
464 1081 496 1112 la
527 1080 674 1113 CALEWE
699 1091 755 1121 per
785 1079 972 1110 fidelitatem
1002 1080 1035 1109 et
1060 1080 1178 1109 sectam
1203 1077 1298 1115 curie,
1326 1080 1357 1108 et
1381 1088 1437 1119 per
1462 1077 1630 1109 servicium

169 1150 305 1181 duorum
332 1149 505 1181 solidorum
530 1148 630 1180 annui
660 1148 804 1180 redditus
829 1158 886 1189 pro
909 1146 996 1178 omni
1023 1145 1162 1178 servicio.
1208 1145 1253 1177 Et
1284 1145 1393 1177 valent
1422 1157 1478 1187 per
1507 1156 1629 1178 annum

169 1220 306 1260 quatuor
322 1217 438 1249 solidos
453 1219 485 1249 et
501 1228 555 1249 sex
571 1216 718 1248 denarios
733 1216 766 1247 in
783 1215 931 1247 omnibus
946 1213 1093 1246 exitibus.

214 1287 299 1318 Item
322 1286 434 1317 dicunt
457 1286 541 1327 quod
565 1285 650 1317 idem
673 1284 694 1317 J
697 1294 855 1316 οΗΑΝΝΕε
877 1282 998 1314 Iwux
1020 1282 1083 1313 fuit
1102 1282 1227 1314 seisitus
1245 1281 1296 1313 die
1317 1293 1380 1324 quo
1400 1281 1480 1313 obiit
1500 1282 1540 1313 de
1565 1293 1630 1314 uno

169 1354 332 1397 mesuagio
356 1365 420 1386 uno
443 1353 627 1385 molendino
650 1352 819 1384 ventritico
839 1354 871 1383 et
892 1350 1049 1383 sexdecim
1072 1350 1152 1382 acris
1172 1352 1255 1382 terre
1278 1361 1350 1382 cum
1372 1349 1574 1392 pertinentiis
1595 1350 1631 1382 in

168 1423 279 1454 eadem
297 1422 373 1453 villa
389 1433 450 1463 que
467 1424 619 1453 tenentur
634 1421 673 1452 de
689 1420 710 1453 J
713 1430 854 1452 omns-xe
870 1420 909 1451 de
925 1419 1170 1450 Emona-mom
1188 1430 1245 1460 per
1261 1418 1450 1450 fidelitatem
1466 1422 1497 1450 et
1513 1420 1631 1450 sectam

171 1491 266 1529 curie,
283 1493 314 1521 et
336 1501 392 1532 per
414 1489 583 1521 servicium
603 1490 740 1520 duorum
761 1488 934 1520 solidorum
955 1489 987 1519 et
1005 1489 1074 1518 octo
1093 1486 1296 1518 denariorum
1311 1497 1369 1528 pro
1385 1486 1472 1518 omni
1488 1486 1628 1518 servicio.

170 1559 215 1591 Et
237 1559 345 1590 valent
366 1569 422 1600 per
443 1569 565 1590 annum
585 1557 727 1600 quinque
748 1557 863 1588 solidos
882 1559 913 1588 et
934 1567 989 1587 sex
1009 1555 1155 1587 denarios
1173 1556 1205 1586 et
1225 1555 1305 1586 duas
1325 1565 1465 1586 summas
1486 1553 1574 1586 bladi
1595 1554 1631 1586 in

170 1627 319 1659 omnibus
335 1626 482 1659 exitibus.

213 1695 298 1727 Item
314 1695 425 1726 dicunt
445 1694 530 1736 quod
550 1694 637 1726 idem
653 1693 675 1726 J
676 1704 834 1725 OHANNES
849 1692 969 1724 IwnN
987 1691 1050 1723 fuit
1066 1691 1191 1722 seisitus
1206 1691 1257 1722 die
1274 1702 1336 1732 quo
1352 1689 1431 1722 obiit
1447 1691 1486 1722 de
1504 1689 1634 1722 duabus

171 1763 315 1805 partibus
334 1764 471 1795 duarum
489 1773 634 1794 acrarum
653 1765 736 1794 terre
752 1772 824 1793 cum
845 1760 1047 1802 pertinentiis
1069 1760 1103 1791 in
1121 1759 1232 1791 eadem
1247 1759 1326 1790 vina
1341 1770 1402 1800 que
1417 1761 1568 1791 tenentur
1590 1758 1630 1790 de

169 1831 191 1864 J
193 1842 334 1863 OHANNE
358 1830 504 1862 DANYEL
526 1841 582 1872 per
605 1830 802 1868 fidelitatem,
819 1832 851 1860 et
874 1839 929 1870 per
941 1827 1108 1860 servicium
1130 1826 1414 1868 sex-denariorum
1429 1838 1486 1868 per
1507 1837 1630 1858 annum

173 1911 229 1941 pro
245 1899 333 1931 omni
349 1899 488 1930 servicio.
536 1897 581 1929 Et
597 1898 705 1930 valent
720 1909 776 1939 per
791 1907 913 1928 annum
929 1897 1007 1928 duos
1022 1895 1168 1927 denarios
1182 1874 1217 1927 in
1233 1894 1381 1927 omnibus
1395 1894 1542 1927 exitibus.

217 1966 303 1998 Item
327 1967 438 1998 dicunt
469 1967 555 2008 quod
585 1966 671 1997 idem
701 1965 723 1997 J
725 1975 882 1997 OHANNES
913 1964 1031 1996 Imm
1064 1964 1128 1996 fuit
1158 1963 1283 1995 seisitus
1312 1963 1364 1995 die
1391 1974 1454 2005 quo
1483 1962 1563 1995 obiit
1592 1963 1632 1995 de

175 2035 341 2067 tresdecim
358 2035 501 2067 solidatis
524 2037 554 2065 et
578 2036 715 2076 quatuor
737 2033 897 2065 denaratis
919 2032 1020 2064 annui
1041 2032 1186 2064 redditus
1208 2034 1241 2064 et
1262 2031 1433 2063 medietate
1448 2030 1544 2063 unius
1561 2041 1633 2063 acre

174 2107 257 2135 terre
273 2114 346 2135 cum
361 2102 563 2145 pertinentiis
584 2102 619 2134 in
634 2102 711 2134 villa
733 2102 773 2134 de
787 2101 938 2134 Womox
963 2112 1024 2142 que
1047 2102 1197 2132 tenentur
1219 2100 1258 2131 de
1273 2099 1411 2131 dominis
1425 2099 1464 2130 de
1481 2098 1633 2130 Ganwx

174 2183 230 2214 per
245 2171 433 2203 fidelitatem
449 2173 480 2202 et
503 2172 621 2202 sectam
637 2170 721 2202 curie
737 2172 769 2202 et
783 2181 840 2212 per
855 2169 1022 2201 servicium
1037 2180 1092 2200 sex
1108 2168 1281 2200 solidorum
1295 2169 1327 2198 et
1343 2169 1412 2199 octo
1428 2166 1632 2198 denariorum

175 2251 231 2281 per
246 2250 368 2270 annum
383 2250 440 2281 pro
455 2238 543 2270 omni
559 2238 698 2270 servicio.
745 2237 790 2270 Et
806 2238 914 2270 valent
923 2248 980 2279 per
995 2247 1116 2268 annum
1132 2247 1186 2268 sex
1198 2235 1314 2267 solidos
1326 2237 1358 2267 et
1368 2235 1476 2267 decem
1488 2234 1634 2267 denarios

176 2307 210 2339 in
227 2306 375 2339 omnibus
390 2305 537 2339 exitibus.
