1820 2548
237 99 300 130 964

193 255 293 287 solam
316 258 346 287 et
370 255 511 298 quietam
535 281 541 287 .
567 259 597 288 et
621 255 752 288 liberam
775 257 815 288 de
837 257 924 288 omni
946 258 1173 290 consuetudine
1195 260 1228 290 et
1249 258 1338 290 omni
1361 258 1492 290 seculari
1507 257 1647 291 servicio.

193 322 341 355 Testibus
372 349 378 355 .
411 323 570 356 Rornono
600 325 744 366 episcopo
781 324 985 357 EssamcsrssI
1017 350 1024 357 .
1056 325 1223 358 Pmnu’ro
1253 326 1435 358 Bmocxmffl
1466 325 1610 369 episcopo
1641 351 1647 358 .

193 390 406 424 GUALERAMO
422 393 535 425 comite
557 392 739 425 MELLaNrr
758 419 764 425 .
783 393 940 425 Bonnam
968 395 1007 427 de
1030 394 1242 427 Novonnnao
1267 395 1332 426 filio
1358 406 1428 427 meo
1445 420 1451 427 .
1471 394 1650 427 GAurmno

192 459 258 492 filio
273 471 343 492 meo
361 486 367 492 .
385 460 525 493 Rocsno
542 461 713 503 capellano.

234 527 322 560 Data
352 534 396 560 ΜΟ·
420 533 456 560 0⁰·
492 530 579 561 ulto.
603 541 687 561 anno
717 529 758 562 ab
787 529 1006 562 incarnacione
1030 530 1163 562 Domini
1189 556 1195 562 .
1224 531 1310 572 apud
1339 531 1516 573 capitulum
1540 530 1650 563 Sancti

190 595 365 628 STEPHANI
381 597 415 629 in
431 597 643 629 NORMANNIA
660 597 755 639 juxta
770 597 1061 630 NOVUMBURGUM.¹

235 665 291 705 (2.)
317 665 403 697 Item
416 677 422 697 :
448 665 571 698 Notum
587 665 627 697 sit
644 665 790 698 omnibus
804 666 986 698 hominibus
1001 667 1041 698 ad
1056 677 1133 708 quos
1149 678 1276 708 presens
1291 667 1443 709 scriptum
1468 667 1647 709 pervenerit

188 733 273 774 quod
288 744 347 775 ego
364 733 551 766 MARGEMA
568 734 725 766 comitissa
741 734 780 766 de
795 733 1023 767 WAREWYKIA
1039 746 1166 767 assensu
1182 735 1335 767 Hnmucr
1353 735 1411 767 filii
1427 737 1504 767 meiz'
1522 735 1588 777 (sic)
1606 736 1646 767 de

187 800 282 833 Novo
299 801 418 833 Brimo
434 803 508 834 dedi
524 806 555 834 et
571 802 707 834 concessi
722 804 753 834 et
769 802 828 834 hac
842 803 982 845 presenti
1002 805 1089 835 carta
1103 814 1174 835 mea
1197 803 1380 835 confirmavi
1397 802 1466 835 Deo
1481 805 1514 835 et
1529 802 1644 836 Sancte

185 869 305 901 Minus
321 874 352 902 et
368 870 521 902 fratribus
536 870 653 902 milicie
669 869 796 912 Templi
812 869 1001 902 SALOMONrs
1017 882 1072 912 pro
1089 871 1190 902 salute
1213 871 1318 902 anime
1334 881 1403 902 mee
1419 873 1450 902 et
1465 871 1565 913 patris
1579 871 1643 903 mei

183 939 215 969 et
230 938 340 970 matris
355 949 424 970 mee
440 941 470 970 et
487 950 544 980 pro
560 938 728 970 animabus
740 940 972 971 antecessorum
987 940 1018 971 et
1029 950 1239 971 successorum
1249 950 1394 970 meorum
1411 941 1528 971 terram
1538 950 1643 972 meam

181 1006 221 1037 de
236 1005 434 1038 LANMADOC.
470 1006 665 1038 Habendam
677 1010 707 1038 et
720 1007 892 1039 tenendam
910 1033 916 1039 .
933 1007 1031 1039 libere
1048 1033 1055 1040 .
1072 1009 1104 1039 et
1119 1007 1225 1050 quiete
1242 1033 1248 1039 .
1265 1007 1407 1050 plenarie
1424 1033 1430 1039 .
1447 1010 1480 1039 et
1491 1008 1616 1050 integre
1633 1032 1639 1039 .

179 1074 214 1106 in
229 1074 320 1107 bosco
338 1101 343 1106 .
361 1075 396 1106 in
411 1075 508 1117 plano
526 1101 532 1107 .
550 1075 584 1106 in
600 1075 724 1117 pascuis
738 1100 744 1106 .
762 1076 796 1107 in
812 1075 911 1117 pratis
927 1101 934 1108 .
952 1076 986 1107 in
1002 1075 1061 1108 viis
1080 1101 1086 1108 .
1102 1076 1136 1108 in
1153 1075 1276 1108 semitis
1293 1101 1299 1107 .
1317 1076 1351 1108 in
1363 1076 1455 1108 terris
1466 1078 1498 1107 et
1512 1076 1547 1107 in
1562 1076 1643 1108 mari

179 1153 252 1175 cum
268 1155 390 1186 wregco
407 1147 439 1175 et
454 1143 602 1176 omnibus
618 1143 688 1175 aliis
703 1146 897 1178 sbrtinudim's
917 1144 982 1186 (sic)
1002 1155 1063 1186 que
1086 1144 1211 1176 evenire
1233 1143 1355 1186 possint
1372 1169 1379 1176 .
1396 1154 1469 1175 cum
1492 1143 1638 1175 omnibus

177 1212 382 1255 pertinenciis
395 1212 459 1244 suis
471 1213 512 1244 ad
525 1213 658 1244 eandem
671 1214 789 1244 terram
800 1211 1034 1254 pertinentibus
1047 1238 1053 1244 .
1066 1214 1097 1244 et
1110 1211 1256 1244 omnibus
1269 1211 1469 1244 libertatibus
1480 1212 1513 1244 in
1525 1223 1639 1254 puram

177 1283 210 1313 et
224 1283 411 1322 perpetuam
426 1280 631 1312 elemosinam
648 1306 654 1311 .
673 1280 754 1312 sicut
769 1281 877 1323 aliqua
898 1280 1071 1312 elemosina
1085 1280 1198 1312 melius
1221 1280 1271 1312 vel
1294 1279 1424 1312 liberius
1447 1280 1517 1312 dari
1539 1282 1642 1322 potest

178 1348 273 1380 alicui
294 1349 403 1380 domui
426 1348 598 1391 religionis.
645 1348 691 1380 Et
714 1348 876 1380 ecclesiam
900 1349 938 1380 de
961 1347 1149 1380 LANMAnoc
1172 1359 1244 1380 cum
1267 1347 1414 1380 omnibus
1436 1348 1640 1390 pertinenciis

177 1416 250 1449 suis.
297 1416 343 1449 Et
359 1417 433 1459 quia
449 1417 519 1448 volo
536 1417 621 1458 quod
636 1416 693 1448 hec
715 1428 785 1448 mea
801 1416 933 1449 donacio
956 1418 988 1448 et
1010 1415 1165 1448 concessio
1189 1418 1220 1448 et
1243 1418 1327 1448 carte
1350 1427 1419 1448 mee
1442 1416 1640 1448 confirmacio

178 1484 270 1517 firma
291 1487 475 1526 permaneat
498 1484 735 1526 imperpetuum
759 1510 765 1516 .
791 1495 918 1526 presens
942 1483 1095 1526 scriptum
1117 1483 1318 1526 apposicione
1341 1484 1439 1526 sigilli
1461 1484 1640 1516 munimine

178 1553 371 1585 confirmavi.
417 1552 495 1584 Hiis
516 1552 650 1584 testibus
667 1578 673 1584 .
692 1552 854 1584 Romano
877 1553 916 1584 de
939 1552 1036 1584 Novo
1059 1551 1180 1584 Bnnoo
1204 1551 1270 1584 filio
1292 1563 1362 1584 meo
1379 1578 1385 1584 .
1404 1551 1581 1584 GAerno
1601 1553 1640 1585 de

180 1621 278 1654 Novo
305 1621 425 1654 anoo
452 1621 517 1653 filio
541 1632 611 1652 meo
643 1647 648 1652 .
690 1620 880 1653 RANDULFO
902 1621 968 1653 filio
991 1620 1137 1653 chARm
1165 1645 1171 1651 .
1200 1620 1365 1652 GAD1von²
1389 1622 1550 1653 sacerdote
1574 1646 1581 1652 .
1609 1622 1641 1653 et

181 1690 292 1722 multis
307 1690 387 1721 aliis.

223 1758 292 1790 Nos
307 1769 380 1790 vero
393 1758 552 1800 predictus
562 1756 775 1790 WlLLELMUs
791 1757 830 1789 de
844 1757 1000 1788 Bnmvsa
1012 1756 1169 1799 predictas
1184 1756 1373 1788 donaciones
1385 1760 1417 1788 et
1429 1756 1640 1789 concessiones

181 1837 237 1869 pro
253 1825 343 1858 nobis
359 1828 390 1857 et
405 1825 573 1857 heredibus
588 1825 666 1856 meis
681 1825 834 1867 magistro
849 1828 881 1857 et
903 1823 1057 1856 fratribus
1077 1824 1194 1856 milicie
1217 1823 1344 1866 Templi
1367 1823 1566 1863 SALouoms,
1581 1834 1639 1867 pro

181 1895 282 1926 salute
297 1894 402 1926 anime
418 1897 524 1925 nostre
539 1896 571 1925 et
586 1895 818 1925 antecessorum
833 1895 865 1925 et
881 1903 1091 1925 successorum
1103 1893 1282 1924 nostrorum
1298 1892 1331 1923 in
1354 1903 1477 1934 puram,
1493 1891 1636 1931 liberam,

181 1966 211 1995 et
228 1965 413 2005 perpetuam
424 1961 628 1994 elemosinam
641 1961 897 1993 confirmavimus
911 1961 1145 2003 inperpetuum.
1195 1959 1349 1992 volentes
1361 1960 1447 2002 quod
1462 1960 1488 1992 si
1503 1959 1637 2002 predicti

179 2030 325 2073 magistri
350 2033 382 2062 et
403 2029 517 2061 fratres
542 2040 597 2061 seu
620 2032 765 2061 tenentes
791 2029 839 2061 sui
865 2029 1037 2061 residentes
1061 2031 1093 2060 et
1119 2029 1348 2060 commorantes
1371 2028 1406 2059 in
1430 2028 1571 2060 manerio
1597 2028 1637 2060 de

178 2098 368 2130 LANMAnoc
383 2096 579 2139 temporibus
594 2097 758 2129 retroactis
774 2097 813 2129 de
829 2096 988 2139 aliquibus
1005 2096 1188 2129 libertatum
1204 2095 1417 2138 predictarum
1433 2096 1483 2127 vel
1507 2107 1634 2127 consue-

177 2166 327 2198 tudinum
359 2164 526 2197 deforciati
548 2164 668 2196 fuerint
698 2164 748 2196 vel
773 2164 822 2196 usi
851 2176 916 2197 non
947 2164 1067 2197 fuerint
1097 2164 1240 2196 decetero
1269 2165 1403 2195 utantur
1433 2162 1572 2195 habeant
1603 2165 1635 2195 et
