1820 2548
195 176 256 207 764

147 332 181 363 in
197 331 302 374 aliquo
319 343 375 363 nec
391 332 528 374 aliquem
545 332 583 363 de
599 333 663 363 suis
679 332 841 373 permittet
857 331 1071 363 intromittere
1086 331 1166 363 circa
1178 331 1383 364 refeccionem
1396 331 1494 374 ipsius
1509 333 1602 364 castri

143 400 194 432 vel
217 401 250 431 in
274 401 429 432 fossorum
451 400 712 443 augmentatione
736 400 800 431 sive
824 401 1024 441 reparacione
1047 400 1097 432 vel
1119 411 1282 432 murorum
1304 400 1478 432 refeooione
1501 401 1551 433 vel
1566 400 1601 433 in

145 467 251 509 aliquo
274 468 336 499 alio
359 471 532 510 augmento
555 479 609 500 seu
632 468 812 499 municione
835 467 896 499 nisi
918 468 1092 500 secundum
1107 468 1192 510 quod
1207 468 1313 500 fuerat
1328 467 1379 500 die
1395 468 1602 501 eonfeooionis

144 536 341 577 presencium
358 547 414 567 nec
429 536 528 567 eciam
551 535 598 567 illi
614 546 692 577 quos
707 546 747 567 ex
763 538 853 577 parte
874 534 974 578 Regis
993 535 1027 567 in
1046 535 1113 578 ipso
1136 547 1201 567 esse
1224 535 1394 578 contigerit
1420 535 1542 577 aliquid
1566 536 1600 568 in

140 604 251 635 ecdem
281 615 343 645 quo
373 604 414 635 ad
444 604 658 635 municionem
689 603 783 635 castri
811 604 930 635 censeri
953 603 1058 635 valeat
1087 604 1291 645 aliquatenus
1313 603 1513 635 innovabunt
1543 614 1601 636 nec

141 675 249 704 contra
272 672 447 714 principem
469 671 519 704 vel
542 672 681 713 aliquem
711 672 750 703 de
781 671 845 703 suis
868 682 1016 714 guerram
1042 671 1167 704 racione
1193 672 1335 713 predicta
1359 671 1416 703 lite
1441 672 1600 713 pendente

141 739 281 772 movebit
305 741 338 772 in
362 740 469 781 aliqua
485 743 573 782 parte
595 739 651 771 ubi
673 740 734 781 ipsi
756 739 878 771 nobiles
899 743 998 772 terras
1016 739 1135 772 habent
1150 739 1336 781 conjunctas
1352 741 1447 781 atque
1463 740 1600 772 confines

138 819 195 840 nec
211 808 349 850 aliquem
365 808 447 850 parti
463 808 615 850 principis
630 808 835 839 adherentem
857 819 913 849 per
928 819 960 840 se
976 808 1026 839 vel
1042 819 1098 849 per
1113 808 1212 839 alium
1235 807 1374 840 abstrahi
1390 818 1445 839 seu
1460 808 1599 840 revocari

134 876 315 918 procurabit
339 881 393 908 aut
418 876 597 908 venientem
621 876 794 917 receptabit
821 876 969 917 quodque
991 877 1057 917 ipse
1083 886 1186 908 comes
1208 876 1352 908 homines
1375 887 1429 908 seu
1451 879 1595 908 tenentes

134 944 292 986 Principis
304 956 367 976 non
380 945 531 986 impediet
546 955 603 976 nec
619 944 659 976 ab
671 944 741 975 aliis
751 948 907 985 quantum
920 944 955 976 in
968 945 1036 986 ipso
1049 946 1097 976 est
1108 944 1264 986 impedire
1275 944 1416 986 patietur
1427 944 1598 986 quominus

135 1013 195 1055 ipsi
211 1024 283 1044 cum
299 1012 481 1044 hominibus
496 1013 546 1044 vel
565 1012 748 1044 tenentibus
766 1012 910 1054 ejusdem
929 1012 1052 1044 comitis
1067 1012 1232 1054 quodlibet
1249 1012 1472 1045 commercium
1490 1013 1595 1055 legiti-

135 1092 225 1114 mum
234 1082 314 1113 inire
325 1082 451 1113 valeant
461 1085 492 1112 et
502 1080 600 1112 libere
610 1092 682 1112 cum
694 1081 770 1122 ipsis
781 1080 926 1112 similiter
936 1083 1145 1112 mercaturam
1155 1092 1324 1113 excercere.
1358 1080 1443 1112 Item
1452 1080 1597 1113 homines

135 1151 174 1182 de
189 1151 447 1183 SEYNGHENYTH
471 1149 616 1181 similiter
633 1150 689 1191 qui
711 1150 806 1181 modo
821 1151 896 1180 sunt
912 1160 986 1180 cum
1009 1148 1157 1191 Principe
1172 1160 1237 1181 non
1253 1150 1446 1181 descendant
1462 1149 1597 1182 inferius

133 1230 205 1251 cum
226 1219 331 1261 predis
352 1222 382 1250 ct
410 1218 544 1250 familiis
571 1219 740 1249 ascendant
768 1218 808 1249 ad
830 1217 1019 1250 morandum
1046 1222 1078 1249 et
1104 1217 1352 1249 inhabitandum
1378 1220 1408 1249 et
1436 1218 1512 1249 locis
1541 1217 1596 1250 ubi

134 1287 266 1319 fuerunt
282 1291 423 1328 tempore
439 1286 646 1318 confeccionis
667 1286 863 1328 presencium
881 1297 938 1318 nec
959 1285 1007 1317 illi
1027 1285 1067 1317 de
1089 1284 1347 1317 SEYNGHENYTH
1372 1285 1517 1317 similiter
1539 1285 1595 1327 qui

133 1359 207 1388 sunt
226 1366 298 1387 cum
314 1355 426 1387 comite
442 1366 514 1387 cum
530 1355 637 1396 predis
657 1357 687 1386 et
704 1354 833 1386 familiis
848 1354 1020 1386 ascendant
1039 1354 1079 1385 ad
1096 1354 1286 1385 morandum
1302 1356 1333 1385 et
1348 1353 1594 1386 inhabitandum

132 1424 305 1466 superiusa
321 1423 396 1455 locis
418 1423 532 1465 quibus
551 1422 740 1454 habitabant
763 1426 904 1464 tempore
933 1421 1139 1454 confeccionis
1162 1421 1370 1464 presencium.
1417 1421 1505 1453 Dicti
1521 1433 1594 1454 vero

133 1492 247 1534 prelati
268 1492 459 1534 promittunt
478 1491 563 1533 quod
585 1491 706 1522 dictum
725 1493 862 1523 castrum
884 1502 948 1522 non
968 1489 1068 1521 exibit
1088 1490 1127 1521 de
1148 1489 1294 1521 manibus
1317 1490 1417 1532 Regis
1435 1491 1534 1521 donec
1555 1491 1595 1522 de

133 1560 338 1591 contencione
353 1559 511 1591 dictorum
526 1544 682 1590 nobilium
697 1558 825 1600 justicia
846 1560 1028 1599 competens
1043 1556 1231 1589 exhibeatur
1246 1557 1280 1588 in
1301 1557 1401 1589 forma
1417 1559 1590 1599 pretaxate..

132 1628 331 1659 Promittunt
357 1627 457 1658 eciam
483 1638 515 1658 se
545 1628 704 1658 curatoros
733 1626 817 1667 quod
848 1625 996 1658 dominus
1022 1624 1094 1657 Rex
1125 1624 1324 1657 confirmabit
1359 1625 1594 1657 ordinacionem

133 1696 307 1738 predictam
329 1707 386 1737 per
407 1695 515 1726 literas
537 1706 609 1726 suas
631 1696 784 1736 patentes.
832 1693 877 1726 Et
900 1704 1086 1735 quecunque
1105 1693 1244 1735 partium
1260 1693 1342 1725 hanc
1358 1693 1593 1725 ordinacionem

134 1764 301 1806 infregerit
318 1764 351 1795 in
366 1766 456 1805 parte
473 1763 522 1794 vel
538 1763 568 1794 in
587 1767 654 1794 toto
671 1765 779 1794 contra
802 1761 979 1793 communis
993 1761 1079 1803 pacis
1094 1761 1231 1793 formam
1247 1761 1367 1793 venisse
1382 1761 1592 1803 intelligatur.

134 1833 178 1865 Et
195 1833 268 1864 licet
284 1832 383 1874 aliqui
395 1832 534 1863 latrones
549 1831 598 1864 vel
613 1831 832 1862 malefactores
843 1830 977 1862 fecerint
988 1830 1154 1862 latrocinia
1166 1832 1222 1861 aut
1238 1829 1315 1861 alias
1332 1830 1594 1872 transgressiones

134 1913 172 1933 ex
196 1901 350 1933 alterutra
371 1904 461 1942 parte
483 1899 709 1931 nichilominus
730 1899 815 1930 dicta
838 1899 999 1930 ordinacio
1022 1898 1055 1930 in
1079 1909 1135 1930 suo
1158 1897 1269 1930 robore
1289 1897 1418 1930 durabit
1438 1902 1469 1929 et
1490 1900 1592 1929 trans-

133 1970 307 2012 gressiones
323 1969 534 2000 emendantur
549 1979 605 2009 per
627 1967 912 2000 consideracionem
927 1967 1098 2008 proborum
1124 1966 1264 1998 virorum
1289 1966 1373 1998 inter
1395 1967 1474 1998 duas
1495 1968 1596 1997 terras

133 2037 306 2070 secundum
329 2037 415 2078 leges
438 2041 468 2068 et
484 2036 727 2068 consuetudines
749 2035 888 2077 parciam
911 2035 1051 2066 illarum.
1098 2033 1281 2077 Supradicti
1305 2034 1433 2076 quidem
1456 2033 1594 2076 episcopi

132 2106 260 2138 nomine
278 2106 376 2148 Regis
391 2105 476 2137 diem
493 2105 533 2136 ad
548 2105 710 2147 justiciam
722 2105 935 2145 recipiendam
949 2106 980 2136 et
993 2103 1172 2135 faciendam
1186 2103 1220 2134 in
1235 2103 1338 2135 forma
1349 2103 1490 2144 predicta
1499 2113 1594 2145 super

130 2174 290 2216 premissis·
313 2174 509 2215 quindenam
532 2172 648 2204 scilicet
679 2176 748 2214 post
771 2172 889 2203 festum
913 2171 1024 2203 Sancti
1054 2171 1230 2203 JOHANNIS
1253 2171 1419 2202 BAPTISTE
1448 2170 1593 2212 proximo

130 2241 272 2273 futuram
289 2241 371 2282 pasti
390 2240 545 2282 Principis
557 2241 598 2271 ad
610 2240 727 2271 vadum
743 2239 878 2270 Mos-ms
896 2238 1032 2270 Gmmm
1050 2239 1089 2270 de
1104 2238 1268 2270 voluntate
1284 2241 1316 2270 et
1331 2248 1483 2269 consensu
1494 2237 1594 2279 ipsius
