1820 2548
1546 185 1610 217 777

190 341 300 372 natam
322 340 397 372 dedi
418 342 450 372 et
472 339 608 372 concessi
628 341 661 371 et
680 338 740 371 hac
761 339 900 381 presenti
927 342 1013 371 carta
1037 350 1108 371 mea
1126 339 1309 371 confirmavi
1329 339 1522 373 WILLELMO
1545 340 1655 373 clerico

190 408 430 450 sepenominato
447 408 619 440 tenendam
640 409 672 439 et
690 406 873 439 habendam
888 408 928 439 de
950 418 1001 439 me
1022 410 1054 439 et
1072 407 1241 440 heredibus
1261 408 1340 440 meis
1358 411 1390 440 et
1408 409 1578 451 assignatis
1596 409 1656 441 sibi

190 478 222 508 et
237 476 406 508 heredibus
425 476 490 508 suis
510 476 561 508 vel
582 475 752 518 assignatis
769 501 775 507 .
793 475 892 508 libere
912 476 1018 518 quiete
1036 502 1042 508 .
1060 479 1092 508 et
1107 477 1234 518 pacifice
1253 502 1258 508 .
1276 476 1394 519 absque
1417 477 1483 509 ulla
1506 478 1656 510 reclama-

191 544 280 577 cione
301 544 364 576 mei
386 545 436 577 vel
463 544 616 577 heredum
638 570 644 576 .
670 544 720 576 vel
742 544 979 586 assignatorum
1003 556 1146 576 meorum
1173 547 1203 577 et
1229 545 1347 587 absque
1371 545 1437 577 ulla
1464 546 1654 578 vexatione.

190 613 319 654 querela
339 638 345 645 .
369 613 420 645 vel
443 613 602 645 demanda
623 638 628 644 .
653 612 734 644 siout
754 612 821 644 ulla
843 615 927 644 terra
947 612 1076 645 liberius
1100 638 1106 644 .
1129 613 1269 655 quietius
1287 616 1319 645 et
1340 614 1454 646 melius
1471 640 1477 646 .
1495 614 1604 647 haberi
1626 617 1658 646 et

189 681 290 713 teneri
313 683 417 723 potest
440 681 686 723 imperpetuum.
736 681 812 713 Hiis
840 681 975 713 testibus
1000 706 1005 712 .
1030 681 1207 714 WALTERO
1237 681 1358 714 Luvm
1387 708 1392 714 .
1418 682 1593 715 Mummio
1620 684 1659 715 de

194 749 345 782 CORNEM
363 776 369 782 .
388 750 564 782 MAmucm
581 749 725 782 &mimus
743 776 749 782 .
768 750 938 782 Pmmppo
959 750 1070 782 elerico
1089 776 1094 781 .
1112 749 1305 783 WILLELMO
1321 752 1361 783 de
1377 751 1489 783 ORUOE
1513 778 1519 783 .
1544 752 1660 783 DAVm

195 818 368 851 WAstR
384 845 390 850 .
408 818 535 850 ΤΗΟΜΑ
551 819 590 850 de
607 818 758 851 CORNELI
778 844 783 850 .
801 822 833 850 et
848 819 960 851 multis
974 819 1053 851 aliis.

236 887 319 927 Seal,
336 887 414 919 dark
431 898 528 930 green
545 899 626 926 wax,
646 887 732 929 lssin.
751 887 846 919 diam.
893 887 927 920 A
942 890 1008 920 star
1023 888 1057 920 of
1080 888 1201 920 sixteen
1218 899 1300 930 rays.

236 953 426 997 Legend—-‘
442 960 473 991 ÷
491 954 516 987 s'
535 965 678 987 nonium
697 980 703 986 .
722 955 881 988 cunnus)

238 1023 459 1055 Endorsed—‘
473 1023 575 1055 Istam
596 1026 714 1055 terram
737 1026 826 1056 tenet
849 1023 1034 1057 Willelmus
1054 1025 1233 1067 Aylward.’
1257 1025 1372 1058 ‘Casta
1388 1026 1521 1058 Roberti
1538 1027 1663 1060 Curteis

195 1092 330 1134 junioris
346 1093 385 1124 de
401 1092 503 1124 tribus
518 1093 598 1124 acris
613 1097 645 1124 et
661 1093 816 1124 dimidia?
863 1098 870 1110 ‘
883 1093 982 1126 Hanc
998 1093 1113 1126 habuit
1130 1094 1315 1126 Willehnus
1330 1095 1538 1128 Alexander)

855 1324 1009 1357 DCCIX.

233 1409 396 1442 GRANT
435 1410 499 1442 BY
537 1411 674 1451 JOHN,
707 1411 794 1443 SON
833 1411 893 1444 OF
931 1412 1104 1444 HENRY
1142 1413 1349 1453 BARETH,
1389 1414 1448 1446 OF
1485 1414 1617 1447 LAND

447 1477 579 1510 NEAR
618 1479 855 1519 GOYLAKE,
895 1480 952 1512 TO
988 1481 1195 1514 MARGAM
1234 1482 1407 1515 ABBEY.

733 1560 808 1603 [MA
814 1572 905 1593 RGAM
935 1563 1128 1605 CHARTER]

237 1637 406 1671 Universis
432 1638 574 1671 Cfflusn
600 1640 748 1672 fidelibus
772 1653 901 1683 presens
922 1643 1075 1684 scriptum
1097 1644 1211 1675 visuris
1233 1644 1282 1675 vel
1304 1645 1460 1676 audituris
1478 1645 1660 1677 JOHANNES

194 1705 340 1738 BARETH
356 1707 487 1739 clericus
502 1708 586 1740 filius
604 1708 755 1741 Hmmcx
775 1710 922 1742 BARETH
939 1712 977 1743 de
994 1711 1163 1744 KENEFEG
1181 1713 1316 1745 salutem
1331 1713 1366 1744 in
1382 1713 1522 1745 domino.

238 1774 375 1807 Noverit
397 1776 586 1808 universitas
613 1781 716 1809 vestra
738 1789 789 1810 me
811 1790 849 1811 ex
875 1791 1028 1811 consensu
1053 1781 1175 1812 domini
1198 1782 1259 1813 mei
1289 1807 1295 1813 .
1329 1781 1454 1814 Tnoms
1480 1782 1624 1814 Gnmns
1651 1809 1655 1814 .

196 1843 319 1874 dedisse
334 1847 364 1874 et
381 1842 440 1875 hae
456 1845 595 1885 presenti
610 1848 697 1878 carta
713 1857 784 1879 mea
800 1848 999 1880 confirmasse
1019 1849 1053 1881 in
1069 1861 1182 1891 puram
1199 1854 1230 1882 et
1249 1853 1435 1892 perpetuam
1452 1852 1656 1883 elemosinam

193 1912 303 1944 domui
329 1913 368 1944 de
396 1913 549 1946 MARGAN
573 1918 604 1946 et
624 1916 787 1947 monachis
808 1916 927 1948 ibidem
953 1917 1022 1949 Deo
1049 1921 1080 1949 et
1106 1918 1196 1950 beate
1219 1919 1338 1950 Manu:
1360 1919 1570 1952 servientibus
1593 1924 1656 1952 tres

193 1991 280 2012 acras
301 1984 382 2013 terre
403 1982 532 2014 arabilis
552 2008 557 2014 .
585 1995 645 2025 que
667 1984 775 2025 jacent
794 1985 827 2016 in
848 1986 971 2017 cultura
992 1998 1054 2027 que
1077 1990 1206 2018 vocatur
1225 1988 1378 2019 DEUMAY
1397 2013 1402 2018 .
1421 1988 1516 2029 juxta
1537 1991 1654 2020 terram

193 2050 366 2081 eorundem
382 2051 608 2083 monachorum
626 2052 659 2083 in
676 2053 809 2095 longum
826 2064 857 2085 se
878 2055 1086 2086 extendentes
1102 2056 1141 2086 de
1163 2055 1327 2087 Goumffl
1347 2067 1454 2088 versus
1472 2057 1655 2098 aquilonem

192 2128 290 2158 usquc
319 2116 561 2150 LANGELONDE.
618 2120 690 2161 Ego
718 2132 790 2153 vero
818 2121 1000 2154 JoflANNEs
1029 2128 1061 2154 et
1091 2123 1221 2154 heredes
1247 2124 1310 2155 mei
1337 2125 1512 2166 predictam
1536 2129 1654 2157 terram

190 2196 261 2217 cum
283 2186 430 2218 omnibus
453 2189 677 2221 emolumentis
695 2201 714 2221 a
737 2191 822 2222 dicta
847 2196 931 2223 terra
952 2192 1212 2234 provenientibus
1233 2205 1268 2224 av
1288 2194 1487 2234 proventuris
1506 2195 1655 2236 predictis

191 2254 353 2286 monachis
378 2258 487 2287 contra
515 2268 624 2289 omnes
649 2259 798 2291 mortales
828 2259 1054 2301 inperpetuum
1082 2261 1367 2294 warantizabimus.
1426 2262 1466 2294 In
1491 2262 1583 2304 cujus
1609 2263 1654 2294 rei

344 2360 395 2386 4x
