1820 2548
1569 191 1632 222 937

209 343 415 376 elemosinam
439 344 573 376 liberam
597 346 629 376 et
655 344 797 386 quietam
821 344 861 376 ab
887 345 974 376 omm'
995 345 1123 377 servitio
1144 348 1177 378 et
1202 347 1431 378 consuetudine
1453 351 1484 378 et
1510 347 1674 379 exactione

207 412 338 444 seculari
356 438 362 443 .
376 423 430 444 xv.
449 424 536 444 acras
551 416 632 444 terre
647 423 717 444 mee
733 412 861 445 arabilis
878 439 884 445 .
902 416 934 446 et
951 440 957 446 .
973 425 1003 446 v,
1022 425 1108 446 acras
1123 414 1207 456 prati
1219 415 1314 457 juxta
1326 415 1484 447 vivarium
1496 416 1535 447 de
1548 407 1672 448 ΒᾸᾸΤΗ

206 481 369 512 reddendo
385 481 465 513 mihi
481 485 511 512 et
527 481 714 514 heredibus.
726 493 789 514 xm.
807 483 954 515 denarios
974 484 1143 515 annuatim
1159 484 1200 515 ad
1216 483 1335 515 festum
1352 483 1462 516 Sancti
1480 484 1673 517 Micfflinms

206 561 263 591 pro
279 550 367 582 omni
383 550 520 582 servitio.
566 549 613 582 Et
634 561 694 593 ego
717 552 749 582 et
771 550 902 583 heredes
924 552 988 583 mei
1010 552 1160 594 predictis
1183 553 1346 584 monachis
1362 553 1540 595 predictam
1555 555 1674 585 terram

208 618 483 651 warantizabimus
520 622 630 651 contra
656 631 765 652 omnes
801 619 945 652 homines
975 620 1010 652 111
1040 624 1238 663 perpetuum.
1301 621 1397 656 Quod
1433 622 1459 653 si
1489 622 1572 654 forte
1602 633 1673 654 eam

207 687 412 719 warantizare
428 699 493 719 non
508 688 682 730 poterimus
698 714 704 720 .
722 689 762 720 de
777 689 899 730 reliquo
915 692 1097 721 tenemento
1119 692 1227 722 nostro
1243 691 1437 722 tantundem
1453 690 1498 722 eis
1513 690 1671 723 dabimus.

208 755 302 788 Teste
318 756 509 788 HERBERTO
524 757 590 789 filio
609 756 782 789 'summm
800 783 806 789 .
824 757 986 789 anmco
1007 758 1073 790 filio
1096 758 1237 790 URBANI
1263 758 1477 791 archidiaconi
1494 785 1500 791 .
1519 759 1674 791 Rmfflno

208 825 248 856 de
263 812 363 857 Riin
380 849 387 857 .
405 824 577 857 STEINERO
593 850 600 856 .
617 825 651 858 N
654 836 797 858 ICHOLAO
812 826 878 858 filio
894 826 1079 858 HERBERTI
1097 852 1104 859 .
1123 827 1264 860 Romano
1280 827 1490 862 OUINTEREL.

251 905 372 938 Round
387 906 461 945 scal,
478 917 575 948 green
591 918 672 946 wax,
687 907 772 948 lgin.
785 907 949 947 diameter,
967 919 985 939 a
1001 908 1113 940 dexter
1125 908 1213 940 hand
1225 909 1289 940 and
1306 920 1384 949 arm,
1398 910 1552 952 grasping
1567 921 1587 941 a
1602 910 1674 951 key,

208 973 264 1006 the
287 973 413 1015 symbol
437 974 471 1006 of
496 974 551 1006 the
576 975 710 1007 owner's
735 975 822 1007 office
847 975 882 1008 of
910 975 1025 1008 Portar
1051 988 1086 1008 01·
1116 976 1244 1019 Keeper
1277 977 1310 1009 of
1336 977 1391 1009 the
1418 977 1619 1010 Town-Gate
1646 978 1680 1011 of

149 1051 151 1059 ¹
209 1042 342 1074 Oaoedjff.

664 1091 671 1104 ⁶
687 1093 719 1123 -1-
741 1098 902 1119 0101111111
921 1114 927 1119 .
946 1099 1012 1119 ADE
1031 1114 1036 1119 .
1056 1089 1223 1120 Portum!

251 1154 474 1186 Endorsed—‘
486 1156 583 1188 Carta
598 1156 708 1188 Adam
723 1156 863 1188 Portarii
878 1157 918 1188 de
936 1156 1097 1188 ΚΒΜ-(111]

823 1337 1074 1371 DCCCXXVI.

210 1417 371 1450 GRANT
408 1418 473 1450 BY
512 1418 731 1451 WILLIAM
769 1419 833 1451 DE
871 1403 1161 1460 BONAVILLA,
1201 1420 1335 1454 WITH
1366 1421 1464 1454 THE
1503 1421 1682 1454 ASSENT

317 1486 376 1518 OF
407 1486 489 1519 HIS
520 1487 648 1520 WIFE
687 1487 908 1527 MABILIA,
940 1488 998 1521 TO
1031 1489 1213 1528 HENRY,
1245 1490 1334 1522 SON
1366 1490 1424 1522 OF
1455 1490 1592 1530 JOHN,
1624 1490 1683 1523 OF

318 1554 450 1587 LAND
490 1555 544 1588 IN
583 1556 964 1590 BONVILESTUNE.

668 1637 800 1681 [HARL.
826 1638 1002 1678 Grumum,
1027 1641 1067 1671 75
1093 1640 1131 1672 B.
1160 1641 1225 1682 13.]
1273 1640 1394 1672 EARLY
1420 1642 1508 1673 13T11
1533 1640 1636 1674 CENT.

252 1717 361 1749 Sciant
385 1722 546 1760 presentes
566 1722 599 1751 et
619 1719 721 1752 futuri
746 1721 832 1762 quod
859 1732 919 1763 ego
947 1720 1162 1754 WILLELMUS
1181 1722 1220 1754 de
1246 1721 1345 1754 BONA
1364 1733 1468 1754 V1LLA
1495 1734 1624 1755 assensu
1649 1726 1681 1755 et

210 1797 364 1819 consensu
379 1786 535 1819 MAmLm
550 1788 660 1820 uxoris
674 1799 744 1821 mee
759 1792 791 1820 et
806 1789 962 1822 heredum
977 1801 1121 1822 meorum
1137 1791 1212 1822 dedi
1227 1794 1257 1823 et
1280 1791 1417 1823 concessi
1433 1791 1596 1824 Hammo
1612 1792 1678 1825 filio

209 1854 231 1887 J
233 1865 384 1886 OHANNIS
402 1880 407 1886 .
428 1866 457 1886 v.
476 1855 620 1898 virgatas
642 1859 725 1888 terre
743 1857 830 1899 apud
846 1857 1135 1890 Bomvmaswxss
1152 1885 1158 1890 .
1177 1859 1295 1891 scilicet
1311 1859 1384 1891 illas
1400 1871 1479 1901 quas
1495 1859 1517 1892 J
1519 1871 1679 1892 onANNas

209 1923 340 1955 clericus
354 1923 460 1955 tenuit
475 1935 537 1966 que
553 1928 781 1967 nuncupantur
796 1926 898 1959 crofta
912 1926 935 1959 J
937 1937 1087 1959 OHANNIS
1107 1927 1220 1960 clerici.
1268 1927 1438 1960 Tenendas
1461 1931 1492 1960 et
1514 1928 1679 1962 habendas

209 1992 248 2024 de
263 2003 315 2024 me
330 1994 363 2023 et
378 1992 547 2024 heredibus
562 1993 641 2025 meis
656 1993 716 2026 sibi
732 1997 764 2026 et
779 1994 950 2027 heredibus
966 1995 1031 2027 suis
1046 1995 1144 2028 libere
1161 1998 1191 2028 et
1215 1996 1322 2038 quiete
1345 1996 1474 2038 pacifice
1497 1999 1530 2029 et
1551 1997 1677 2040 integre

208 2063 241 2092 et
266 2060 477 2092 infinabiliter
508 2086 514 2092 .
539 2061 573 2093 in
599 2062 704 2103 planis
728 2064 760 2095 et
783 2063 818 2095 in
843 2064 903 2095 viis
927 2064 962 2095 111
983 2064 1104 2096 semitis
1123 2068 1154 2096 et
1175 2064 1209 2096 in
1231 2065 1410 2097 communis
1436 2066 1502 2107 (sio)
1526 2066 1675 2108 pasturis.

210 2127 388 2178 Reddendo
414 2129 494 2161 mihi
519 2133 552 2161 et
578 2129 748 2163 heredibus
774 2132 853 2164 meis
879 2132 946 2174 ipse
973 2135 1005 2165 et
1029 2132 1160 2165 heredes
1186 2133 1235 2165 sui
1257 2133 1292 2164 in
1314 2133 1395 2165 festo
1420 2133 1505 2166 beati
1529 2133 1678 2167 Annaea

211 2198 347 2239 apostoli
363 2222 370 2229 .
388 2208 440 2230 111.
457 2198 604 2231 denarios
620 2224 626 2231 .
644 2211 701 2242 pro
716 2200 805 2232 omni
820 2201 951 2233 servicio
966 2205 999 2233 et
1014 2201 1179 2234 exactione
1195 2227 1202 2234 .
1220 2201 1388 2234 Predictus
1409 2213 1482 2234 vero
1498 2202 1680 2236 HEchus

209 2266 299 2298 dedit
321 2266 402 2298 mihi
424 2267 459 2299 in
481 2268 733 2310 recognitionem
751 2295 757 2301 .
776 2280 822 2302 V1.
843 2270 969 2302 solidos.
1015 2270 1089 2313 Ego
1112 2270 1210 2302 etiam
1233 2273 1266 2302 et
1287 2270 1419 2302 heredes
1441 2271 1504 2303 mei
1527 2270 1680 2304 debemus

360 2372 408 2399 58
