1820 2548
1509 141 1572 172 769

821 301 938 334 DOGI.

151 374 315 409 GRANT
341 374 405 406 BY
431 372 649 406 STEPHEN
679 371 743 403 DE
771 370 832 403 ST.
859 368 1047 402 HILARY
1077 367 1133 399 ΤΟ
1165 366 1297 398 MYLO
1325 365 1388 398 DE
1416 364 1616 397 REGNNY

262 437 321 470 OF
353 436 484 469 LAND
515 435 568 467 IN
607 434 706 467 THE
740 433 832 466 FEE
863 432 921 464 OF
951 429 1221 464 LANDOUGH
1259 428 1319 460 ΟΝ
1360 427 1458 460 ΤΗΕ
1489 426 1617 459 HIGH

262 499 391 532 ΒΘΑ-ἶ)
430 498 488 531 ΤΟ
527 496 767 530 PENNARD.

652 565 756 608 [ADD.
781 564 956 601 ΟΗΑκΤΕΙι,
980 560 1125 603 24,271.]

977 632 996 661 8
1012 630 1115 662 JUNE.
1163 630 1204 659 56
1220 628 1350 659 HENRY
1365 626 1434 658 III.
1482 626 1574 657 1272.

198 704 308 737 Sciant
324 708 392 736 tam
407 706 568 745 presentes
584 713 682 744 quam
705 701 808 733 futuri
831 701 915 742 quod
937 711 997 742 ego
1020 698 1224 731 STEPHANUS
1247 698 1286 728 de
1309 696 1437 728 Samso
1460 694 1622 726 Hrmmo

156 773 230 805 dedi·
253 776 283 804 et
308 772 445 804 concessi
461 774 492 803 et
508 771 566 803 hac
589 771 729 812 presenti
749 772 836 801 carta
858 780 929 800 mea
951 766 1136 800 confirmavi
1159 766 1308 797 MYLONY
1333 765 1372 795 de
1394 763 1541 795 REYNNY
1560 769 1624 793 tres

152 852 240 873 acras
255 844 338 872 terre
354 839 482 872 arabilis
498 850 576 881 quas
593 838 691 870 habui
712 838 746 869 in
762 837 856 869 feodo
872 837 911 868 de
936 836 1102 868 LANnocn
1122 835 1207 867 infra
1229 834 1387 865 culturam
1410 843 1472 874 que
1495 834 1625 863 vocatur

153 909 364 941 LANGETONE
381 920 442 950 que
458 908 566 950 jacent
581 907 664 938 inter
685 907 769 938 viam
785 906 925 948 regalem
942 916 1002 947 que
1022 904 1109 936 ducit
1132 914 1240 934 versus
1260 902 1430 934 PENNARD
1454 905 1484 932 et
1509 903 1626 932 terram

156 977 232 1010 dicti
249 977 406 1009 Mnoms
418 988 475 1019 pro
489 976 613 1007 duabus
629 975 742 1007 marcis
758 977 790 1006 et
807 974 940 1006 dimidia
952 973 1197 1015 esterlingorum
1213 971 1293 1003 mihi
1305 971 1339 1002 in
1356 970 1485 1012 urgenti
1498 969 1627 1011 negotio

155 1057 225 1078 meo
249 1045 455 1088 premanibus
476 1044 653 1086 persolutis.
704 1043 899 1074 Habendam
921 1046 952 1073 ct
976 1042 1148 1073 tenendam
1170 1040 1229 1072 sibi
1250 1043 1281 1071 et
1303 1039 1473 1071 heredibus
1495 1039 1558 1070 suis
1577 1038 1628 1069 vel

156 1115 220 1146 suis
236 1114 405 1155 assignatis
421 1114 461 1144 de
480 1125 528 1144 me
544 1116 575 1144 et
592 1112 762 1144 heredibus
778 1111 856 1143 meis
872 1111 968 1142 libere
985 1114 1014 1142 ct
1038 1110 1143 1152 quiete
1162 1110 1287 1151 integre
1307 1112 1337 1140 et
1359 1108 1439 1140 bene
1456 1108 1488 1139 in
1506 1119 1581 1149 pace
1597 1108 1628 1138 ct

156 1182 326 1214 honorifice
343 1182 376 1213 in
393 1181 542 1214 omnibus
557 1181 633 1212 locis
650 1192 722 1212 cum
739 1179 887 1211 omnibus
902 1179 1097 1211 aisiamentis
1113 1177 1313 1210 libertatibus
1329 1180 1359 1208 et
1376 1176 1484 1208 liberis
1499 1186 1628 1207 eonsue-

157 1250 323 1283 tudinibus
344 1251 428 1282 dicte
449 1253 530 1281 terre
551 1248 786 1291 pertinentibus
808 1249 858 1280 vel
884 1248 1041 1290 pertinere
1062 1246 1246 1289 potentibus
1270 1246 1390 1287 ubsque
1409 1245 1475 1276 ullo
1496 1244 1559 1276 mei
1579 1243 1630 1275 vel

157 1319 310 1351 heredum
334 1319 504 1359 [meorum]
530 1320 760 1349 retenemento.
808 1317 984 1349 Reddendo
1007 1316 1082 1347 inde
1101 1315 1269 1347 annuatim
1291 1315 1331 1346 de
1353 1325 1383 1345 se
1405 1318 1436 1345 et
1459 1311 1630 1344 heredibus

158 1388 222 1419 suis
237 1388 287 1419 vel
304 1387 369 1419 suis
385 1387 555 1429 assignatis
571 1387 701 1418 domino
719 1386 847 1428 capitali
865 1385 919 1427 qui
935 1396 992 1426 pro
1013 1387 1155 1426 ternpore
1172 1383 1270 1414 fuerit
1285 1393 1403 1414 novem
1421 1382 1567 1414 denarios
1590 1381 1631 1412 ad

156 1457 235 1487 duos
259 1457 334 1487 anni
359 1456 511 1487 terminos
535 1455 679 1486 videficet
711 1455 752 1485 ad
778 1455 896 1486 festum
926 1453 1012 1485 beati
1044 1453 1240 1484 Mmmms
1264 1455 1401 1493 quatuor
1427 1451 1574 1482 denarios
1598 1452 1630 1481 et

164 1524 292 1556 obolum
318 1527 350 1556 et
373 1525 414 1556 ad
437 1525 556 1556 festum
577 1523 756 1555 nativitatis
778 1523 863 1554 beati
884 1522 905 1554 J
908 1533 1058 1554 ornamus
1081 1521 1249 1553 BAPTISTE
1274 1524 1412 1562 quatuor
1434 1519 1579 1551 denarios
1598 1520 1630 1550 et

159 1591 286 1624 obolum
302 1603 358 1634 pro
375 1593 462 1624 omni
478 1592 608 1623 servicio
625 1591 790 1623 exactione
806 1594 838 1623 et
849 1591 1016 1622 demanda.
1064 1590 1110 1622 Et
1128 1601 1188 1632 ego
1212 1588 1414 1620 STEPHANUS
1437 1588 1476 1619 de
1498 1586 1627 1619 SANcro

159 1660 321 1692 Hunno
348 1664 380 1692 et
401 1661 531 1693 heredes
554 1661 617 1692 mei
639 1660 739 1692 dictas
764 1663 829 1692 tres
849 1671 936 1691 acras
956 1663 1039 1691 terre
1058 1658 1186 1690 arabilis
1209 1669 1281 1689 cum
1304 1656 1451 1688 omnibus
1472 1657 1536 1688 suis
1556 1667 1626 1697 per-

158 1729 306 1761 tinenciis
315 1732 410 1770 prout
428 1729 687 1771 prenominatum
699 1734 746 1760 est
759 1728 844 1760 dicto
857 1727 1006 1759 MYLONY
1018 1730 1050 1758 et
1061 1726 1231 1758 heredibus
1241 1726 1304 1757 suis
1318 1725 1369 1757 vel
1381 1725 1445 1756 suis
1455 1724 1626 1766 assignatis

156 1799 264 1828 contra
280 1807 389 1828 omnes
411 1797 554 1829 homines
573 1800 605 1829 et
627 1797 763 1828 feminas
784 1797 1010 1839 inperpetuum
1028 1794 1306 1826 warantizabimus
1327 1793 1577 1835 acquietabimus
1593 1794 1625 1824 et

153 1865 372 1897 defendemus.
420 1865 464 1896 Et
486 1869 521 1897 ut
544 1865 601 1897 hec
621 1876 692 1897 mea
711 1865 843 1897 donacio
862 1866 893 1896 et
912 1865 1068 1896 concessio
1083 1869 1153 1896 rata
1169 1863 1210 1895 sit.
1226 1866 1257 1895 et
1275 1863 1366 1894 firma
1381 1862 1519 1904 presenti
1539 1865 1623 1893 carte

159 1934 257 1977 sigilli
288 1933 351 1965 mei
390 1933 618 1975 inpressionem
648 1934 727 1965 duxi
765 1933 997 1975 apponendam.
1067 1932 1132 1964 His
1174 1931 1308 1964 testibus
1339 1956 1345 1962 .
1380 1930 1554 1963 WALTERo
1585 1931 1625 1962 de

156 2002 328 2034 Rumam
346 2028 351 2034 .
371 2002 539 2034 Pfflmppo
563 2002 659 2034 PAYN
678 2027 684 2034 .
705 2002 874 2033 Pamppo
897 2002 1039 2033 ZURGOD
1062 2027 1068 2032 .
1090 2000 1394 2033 Amsxzmnnwfilio
1420 1999 1591 2031 MArRxcu
1616 2025 1622 2030 .

155 2070 350 2104 Wussmmo
367 2070 502 2102 Pnrrov
521 2097 526 2102 .
546 2070 707 2102 Ronmz'ro
723 2070 854 2102 Fur-,ms
868 2096 874 2102 .
898 2070 1027 2102 Howm,
1043 2070 1184 2101 ZURGoo
1200 2071 1231 2100 et
1247 2069 1328 2100 aliis.

201 2139 325 2171 Datum
349 2141 435 2182 apud
451 2139 590 2171 Kanmr
611 2143 722 2171 octavo
737 2140 788 2172 die
807 2139 925 2172 mensis
940 2139 1033 2171 Junii
1054 2150 1138 2170 anno
1161 2138 1252 2179 regni
1274 2137 1373 2179 Regis
1396 2136 1549 2168 Hssxfflcx
1567 2136 1626 2168 filii

153 2207 177 2240 J
179 2218 329 2239 onANms
347 2208 448 2249 Regis
463 2208 728 2250 quinquagesimo
746 2210 844 2240 sexto.

365 2276 461 2304 Zurgod
479 2277 498 2298 is
516 2276 640 2305 evidently
659 2284 673 2299 a
693 2277 820 2306 corrupted
841 2277 904 2298 form
921 2277 945 2298 of
963 2276 1080 2304 Thnrgod
1100 2276 1124 2298 οἱ
1145 2275 1257 2304 previous
1275 2275 1424 2296 documenta

309 2324 325 2350 4
343 2329 373 2350 w
