1820 2548
1554 233 1637 265 1125

215 391 322 433 quiete
336 390 418 423 bene
433 393 465 424 et
480 391 513 423 in
529 402 605 434 pace
623 390 696 433 jure
717 390 911 422 hereditario
932 390 966 422 in
988 391 1179 433 perpetuum
1200 401 1272 422 cum
1295 389 1444 422 omnibus
1466 390 1678 432 pertinentiis,

214 459 425 499 libertatibus,
442 459 550 492 liberis
566 459 848 492 consuetudinibus
868 470 904 491 ac
919 459 1126 501 aysiamentis
1141 459 1225 491 dicte
1240 458 1406 491 medietati
1420 459 1521 501 placie
1542 459 1677 492 ubilibet

215 528 459 570 pertinentibus,
475 539 531 571 per
546 528 690 560 redditus
705 530 737 560 et
752 527 883 560 servicia
906 528 981 560 inde
997 527 1106 560 debita
1121 530 1153 559 et
1168 528 1208 560 de
1223 527 1295 570 jure
1311 530 1470 567 consueta,
1486 528 1567 560 sieut
1583 528 1678 560 ceteri

213 595 389 639 burgenses
412 597 495 629 dicte
517 597 593 629 ville
616 608 673 639 pro
695 596 760 629 suis
782 596 893 639 placiis
915 596 1036 629 ibidem
1050 596 1190 629 reddunt
1213 608 1249 628 ac
1271 596 1404 629 faciunt.
1451 596 1497 629 Et
1520 608 1580 640 ego
1604 609 1678 630 vero

214 664 376 707 predictus
399 665 580 698 JOHANNES
611 667 643 697 et
671 664 804 697 heredes
830 665 893 697 mei
922 665 1099 707 predictam
1128 664 1334 697 medietatem
1363 665 1465 707 plaoie
1494 667 1577 697 terre
1607 676 1680 698 oum

213 733 419 776 pertinenciis
442 733 644 766 libertatibus
670 733 779 766 liberis
802 733 1085 766 consuetudinibus
1108 745 1144 765 ac
1168 733 1375 776 aysiamentis
1399 733 1463 766 suis
1488 734 1680 766 omnimodis

214 805 390 835 memorato
406 802 531 835 Tuom
548 802 694 836 Sclssom
717 805 749 835 et
769 802 792 835 J
794 813 923 835 UL1ANE
946 803 1039 835 uxori
1062 814 1116 835 sue
1140 804 1172 835 et
1193 801 1364 836 heredibus
1384 814 1494 835 eorum
1515 814 1551 835 ac
1572 814 1682 836 eorum

216 872 387 915 assignatis
401 883 458 914 per
471 872 616 904 redditus
631 874 663 904 et
679 872 810 904 servicia
825 872 859 904 in
880 872 985 904 forma
999 873 1168 914 prenotata
1184 873 1293 904 contra
1308 883 1418 904 omnes
1433 873 1546 914 gentes
1560 883 1681 904 waren-

214 939 384 973 tizabimus
400 940 651 982 acquietabimus
666 943 698 972 et
719 941 929 973 defendemus
950 940 1186 983 inperpetuum.
1232 939 1275 972 In
1294 940 1387 983 cujus
1401 940 1447 973 rei
1462 940 1683 973 testimonium

213 1019 322 1040 meum
343 1008 544 1051 presentibus
566 1009 709 1052 apposui.
755 1009 833 1041 Hiis
855 1009 990 1041 testibus
1008 1035 1013 1041 .
1034 1008 1057 1041 J
1059 1019 1200 1041 OHANNE
1223 1008 1388 1041 anom)
1411 1010 1488 1041 tunc
1511 1009 1682 1041 senescallo

216 1076 401 1110 Goumzsm
434 1103 440 1109 .
473 1077 632 1110 Romam-0
663 1078 703 1110 de
733 1077 849 1111 WEST'
882 1078 1041 1120 preposito
1072 1078 1112 1109 de
1146 1076 1427 1120 SWEYNEsfflYE]
1447 1104 1453 1109 .
1486 1076 1612 1110 Tuom
1643 1078 1684 1110 de

215 1146 361 1178 Bnmmz
380 1172 386 1178 .
403 1146 426 1179 J
427 1157 569 1178 OHANNE
586 1146 707 1179 Amn
728 1172 733 1178 .
750 1146 929 1179 WALTERO
945 1145 1040 1179 WYs’
1059 1172 1064 1178 .
1083 1148 1115 1178 et
1131 1146 1210 1178 aliis.

259 1215 383 1248 Datum
406 1218 438 1248 et
461 1216 642 1248 confectum
665 1216 799 1258 septimo
823 1216 946 1248 deoimo
969 1215 1021 1247 die
1043 1215 1159 1247 Marcii
1182 1226 1266 1247 anno
1286 1215 1380 1257 regni
1396 1214 1497 1257 Regis
1512 1214 1682 1247 Enwnzm

215 1284 274 1316 filii
290 1283 391 1327 Regis
406 1284 578 1317 Enwmm
595 1284 730 1327 septimo
746 1284 878 1316 decimo.

838 1691 1062 1724 DGGOOXX.

215 1770 377 1803 GRANT
415 1770 481 1803 BY
519 1771 678 1804 GRONO
715 1773 777 1805 ΑΡ
816 1773 1001 1805 ORADOC
1039 1773 1259 1807 HWEYTH
1297 1774 1361 1807 DE
1399 1774 1586 1808 KILVEY
1623 1775 1680 1808 ΤΟ

322 1839 450 1872 JOHN
473 1839 535 1872 ΑΡ
557 1840 711 1874 DAVID
726 1841 938 1881 VACHAN,
963 1842 1022 1875 OF
1046 1842 1178 1875 LAND
1202 1843 1265 1876 AT
1288 1843 1438 1877 OROFT
1462 1844 1677 1885 KETHYN,

323 1908 377 1941 IN
407 1907 506 1940 THE
538 1908 778 1943 LORDSHIP
808 1911 867 1943 OF
897 1911 1092 1945 KILVEY.

803 1990 970 2034 [FRANms
1001 1992 1092 2036 MS]

327 2070 461 2102 ann
485 2082 595 2103 AFTER
617 2071 670 2103 ST.
694 2071 788 2104 JonN
812 2072 905 2104 Pom
927 2072 1050 2105 LmN.
1099 2075 1118 2105 6
1141 2074 1233 2107 Mn.
1260 2076 1299 2107 17
1323 2075 1420 2107 Enw.
1444 2075 1494 2107 II.
1543 2076 1635 2107 1324.

258 2151 370 2184 Sciant
383 2154 545 2194 presentes
563 2155 594 2184 et
618 2152 721 2184 futuri
737 2154 822 2195 quod
845 2165 905 2196 ego
929 2154 1049 2186 Gnoso
1071 2167 1112 2198 ap
1136 2154 1270 2187 GRAnoc
1293 2155 1456 2188 HWEYTH
1479 2157 1518 2188 de
1541 2155 1681 2189 Ram

213 2220 288 2252 dedi
314 2221 451 2252 concessi
475 2222 507 2252 et
531 2220 591 2252 hac
613 2221 753 2263 presenti
777 2224 865 2254 carta
887 2234 958 2254 mea
981 2224 1165 2256 confirmavi
1187 2224 1312 2257 JOWAN
1335 2235 1376 2267 ap
1399 2224 1517 2257 Dim)
1531 2225 1680 2258 Vicum

213 2288 382 2321 heredibus
402 2289 467 2321 suis
490 2292 521 2321 et
544 2289 715 2332 assignatis
734 2292 837 2322 totam
860 2293 977 2323 terram
1000 2303 1105 2324 meam
1121 2294 1153 2324 et
1168 2295 1317 2324 tenuram
1333 2294 1401 2325 tam
1417 2292 1569 2326 arabilem
1584 2305 1681 2336 quam

213 2359 338 2390 vastam
363 2368 436 2389 oum
463 2357 611 2390 omnibus
634 2359 734 2401 pratis
756 2361 788 2391 et
810 2360 950 2401 pasturis
972 2359 1073 2392 boscis
1095 2362 1126 2393 et
1149 2360 1254 2403 planis
1276 2360 1420 2393 humidis
1443 2363 1475 2394 et
1497 2361 1586 2394 siccis
1608 2373 1683 2394 cum
