1820 2548
1557 165 1619 195 967

197 332 257 365 ego
272 321 323 354 vel
338 320 454 363 aliquis
468 320 622 353 heredum
636 331 777 353 meorum
795 323 897 353 totam
913 321 1033 353 dictam
1049 331 1208 352 summam
1223 321 1357 363 pecunie
1373 321 1458 353 dicto
1472 321 1551 352 Am:
1567 321 1662 363 plene

197 389 450 433 persolverimus.
497 388 592 424 Quod
608 388 634 420 si
646 388 750 421 dictus
761 388 866 420 ADAM
880 389 921 420 ad
936 389 1056 421 dictam
1070 391 1189 421 terram
1201 389 1434 421 emendandam
1447 389 1554 430 aliquo
1566 391 1662 421 modo

197 458 327 500 aliquod
343 460 467 490 custum
483 457 663 499 apposuerit
680 481 687 488 .
704 459 809 488 totum
825 460 950 489 custum
969 469 1062 490 suum
1082 458 1223 498 plenarie
1244 457 1396 499 percipiet
1412 468 1468 499 per
1484 457 1660 489 considera-

196 527 318 559 tionem
343 526 499 558 bonorum
525 525 666 557 virorum
693 528 865 567 antequam
896 526 1015 557 dictam
1045 531 1163 557 terram
1193 525 1274 557 mihi
1304 525 1355 557 vel
1385 525 1554 557 heredibus
1585 526 1664 557 meis

195 595 346 638 resignet.
392 594 436 626 Et
453 596 489 626 ut
504 595 655 635 premissa
670 594 831 626 firmitatis
847 594 943 626 robur
959 594 1126 636 optineant
1143 619 1149 626 .
1166 605 1294 636 presens
1310 594 1463 635 scriptum
1479 593 1579 636 sigilli
1600 593 1662 626 mei

196 663 374 696 munimine
388 662 543 695 roboravi.
588 661 666 693 Hiis
680 661 815 694 testibus
835 688 841 693 .
856 661 997 693 Domino
1013 662 1139 694 THOMA
1156 662 1341 704 cappellano
1352 662 1390 693 de
1402 661 1637 693 LANDCARUAN
1656 686 1662 693 .

195 731 290 764 LucA
317 732 357 763 de
383 731 496 762 Bmm
521 756 527 762 .
551 729 661 762 JOELE
687 730 753 762 filio
780 730 942 762 DIONISIE
967 756 974 762 .
999 730 1171 763 Gmfrmo
1198 730 1264 762 filio
1292 730 1505 762 archidiaconi
1530 755 1536 761 .
1561 729 1663 761 Hom,

195 800 294 832 fratre
310 810 366 831 suo
384 824 390 830 .
408 803 439 831 et
455 798 565 830 multis
581 798 662 830 aliis.

239 867 358 900 Round
373 867 447 905 soal,
465 877 563 908 green
578 878 659 905 wax,
676 866 742 908 {im
759 867 857 898 diam.
903 867 937 899 A
952 869 1068 899 rosette
1085 866 1119 898 of
1134 866 1226 908 eight
1241 867 1356 899 leaves.

710 938 717 952 ‘
733 940 765 971 4-
787 935 906 967 smlLL'
926 961 933 967 .
958 935 1130 967 nemum)

835 1091 1029 1124 DCCCXL.

192 1173 381 1206 REGORD
413 1172 467 1205 IN
498 1173 814 1206 PARLIAMENT
846 1173 905 1205 OF
937 1173 1036 1205 THE
1067 1172 1265 1206 PRocnss
1297 1172 1535 1206 BETWEEN
1562 1172 1660 1205 THE

301 1241 473 1274 cRoWN
499 1241 600 1273 ΛΝΒ
626 1241 846 1274 WHLIAM
872 1241 937 1273 DE
963 1241 1204 1281 BREWOSA,
1229 1241 1539 1274 OONCERNING
1562 1241 1660 1274 THE

301 1309 554 1342 LIBERTIES
585 1310 644 1342 or
676 1309 1019 1342 coWERsnAND.
1574 1285 1589 1318 7

432 1389 579 1433 [Ram
604 1389 798 1422 Prssimxos
825 1401 862 1422 m
891 1390 1028 1429 Pam„
1058 1391 1152 1429 1661,
1180 1390 1235 1422 fol.
1264 1402 1295 1433 p.
1324 1390 1417 1433 234]

1251 1472 1292 1503 30
1317 1471 1414 1503 Enw.
1442 1471 1470 1503 Ι.
1519 1472 1613 1503 1302.

234 1552 402 1584 Processus
421 1552 550 1585 habitus
569 1553 654 1585 inter
673 1553 798 1596 Regem
815 1557 847 1586 et
864 1553 1089 1586 WILLELMUM
1105 1553 1145 1585 de
1161 1552 1330 1584 Bnsswoss
1346 1563 1440 1594 super
1454 1551 1656 1584 libertatibus

190 1624 273 1653 terre
289 1621 328 1652 de
345 1620 481 1652 Gowmz.

232 1689 445 1722 Wummms
465 1689 505 1721 de
526 1689 684 1721 Bmzonsn
705 1689 783 1721 alias
798 1690 946 1722 videlicet
961 1690 1002 1722 ad
1023 1689 1280 1721 Parliamentum
1296 1688 1430 1721 Domini
1447 1688 1547 1731 Regis
1563 1689 1649 1731 apud

189 1757 534 1791 WESTMONASTERIUM
556 1757 590 1789 in
607 1758 850 1800 quadragesima
871 1769 956 1790 anno
971 1758 1064 1801 regni
1079 1758 1128 1790 sui
1143 1757 1292 1790 vicesimo
1308 1759 1418 1789 octavo
1433 1757 1575 1800 porrexit
1589 1757 1650 1799 ipsi

188 1826 328 1858 Domino
346 1825 430 1868 Regi
446 1825 608 1867 quandam
623 1826 812 1867 peticionem
827 1826 861 1858 in
877 1826 934 1858 hec
950 1826 1046 1858 verba
1058 1838 1111 1858 :—

230 1894 264 1927 A
279 1897 384 1926 nostre
403 1893 560 1936 Seigneur
575 1896 607 1925 et
630 1904 648 1925 a
664 1905 720 1925 son
736 1895 852 1926 conseil
867 1897 1008 1927 monstre
1024 1894 1193 1927 Wumm
1209 1895 1248 1926 de
1271 1893 1429 1926 Bnonsn
1445 1904 1506 1935 que
1522 1894 1553 1925 la
1568 1905 1609 1926 ou
1624 1894 1648 1926 il

186 1963 268 1995 tient
283 1966 314 1994 et
330 1963 397 1994 doit
413 1962 496 1994 tenir
511 1965 542 1993 et
559 1973 606 1993 ses
621 1965 800 1994 anncestres
816 1963 934 1995 devant
949 1963 996 1995 lui
1012 1965 1092 1995 ount
1114 1964 1192 1994 tenu
1207 1964 1296 1994 toute
1311 1962 1344 1993 la
1358 1964 1441 1993 terre
1457 1962 1496 1994 de
1518 1961 1647 1994 GOWER

185 2033 377 2064 entierment
391 2031 433 2063 od
454 2032 559 2062 toutes
581 2030 626 2062 les
646 2030 844 2063 frannchises
859 2031 1030 2064 frannches
1045 2033 1204 2064 custumes
1219 2033 1252 2062 et
1266 2030 1436 2063 frannohes
1451 2041 1565 2073 usages
1581 2042 1599 2062 a
1613 2030 1646 2062 la

185 2100 252 2133 dite
270 2102 352 2132 terre
375 2101 632 2141 appurtenanntz
647 2109 704 2141 par
726 2098 756 2130 le
772 2099 886 2131 servise
908 2099 976 2131 dun
992 2099 1147 2131 Chevaler
1167 2110 1229 2142 pur
1249 2101 1322 2131 touz
1345 2098 1487 2138 services,
1504 2098 1535 2130 la
1558 2099 1645 2131 vient

184 2167 341 2202 men
370 2167 410 2199 de
436 2166 631 2205 anmon,
660 2166 848 2199 Oonestable
878 2168 917 2199 de
947 2167 1182 2207 KERMERDYN,
1209 2169 1242 2199 et
1272 2167 1319 2199 fet
1349 2167 1516 2199 somondre
1540 2167 1572 2198 la
1598 2167 1647 2198 dit

183 2236 351 2271 WumAu
374 2247 393 2268 a
413 2246 470 2268 son
493 2235 622 2267 Chastel
638 2235 677 2267 de
692 2234 923 2267 Swnmssnvr,
939 2236 978 2267 de
993 2236 1084 2267 venir
1099 2247 1118 2267 a
1133 2235 1327 2278 responndre
1343 2246 1378 2268 as
1393 2235 1529 2278 pleintes
1545 2236 1584 2267 de
1600 2246 1648 2268 ses
