1820 2548
246 219 309 251 784

201 375 267 406 ulla
283 375 453 407 elemosina
468 375 598 407 liberius
613 374 723 407 haberi
738 375 787 407 vel
803 375 903 407 teneri
919 377 1021 417 potest
1035 401 1041 406 .
1053 375 1122 407 sine
1137 375 1223 408 omni
1240 376 1467 408 consuetudine
1482 378 1513 408 et
1528 377 1660 409 seculari

201 443 364 475 exactione
379 443 413 475 in
428 446 626 485 perpetuum.
666 443 739 485 Ego
751 454 823 475 vero
839 446 870 475 et
885 443 1015 475 heredes
1029 443 1091 475 mei
1102 443 1185 475 hano
1199 443 1373 485 predictam
1389 455 1493 476 acram
1508 444 1657 486 predictis

201 511 363 543 monachis
387 514 495 543 contra
522 522 630 543 omnes
653 511 801 543 mortales
828 510 1102 543 warantizabimus
1125 511 1159 543 in
1183 514 1381 554 perpetuum.
1429 511 1566 544 Predioti
1586 523 1659 544 vero

200 579 348 611 monachi
374 579 514 611 caritatis
543 580 665 611 intuitu
694 579 791 611 miehi
821 591 874 611 xx.
903 579 1018 611 solidos
1047 580 1211 612 dederunt.
1258 579 1304 612 Et
1330 583 1367 612 ut
1398 580 1539 622 predicta
1564 580 1660 613 robur

202 647 390 680 obtineant.
408 647 482 680 huic
507 648 623 689 scripto
653 647 795 689 sigillum
822 658 930 679 meum
954 658 1026 679 cum
1053 647 1158 690 sigillo
1182 648 1281 690 patris
1308 648 1370 680 mei
1397 648 1537 690 apposui.
1583 648 1661 681 Hjis

201 716 343 748 testibus.

246 783 446 816 Entitled—*
459 783 555 816 Carta
571 783 692 816 Thome
709 783 847 815 Granius
862 784 901 815 de
915 795 981 816 una
996 794 1067 816 aera
1081 784 1184 816 terre.'

829 1014 1033 1047 DOGXVII.

217 1095 378 1128 GRANT
419 1095 482 1128 BY
512 1095 706 1128 THOMAS
744 1095 939 1128 GRAMUS
970 1095 1028 1128 OF
1059 1095 1156 1127 THE
1187 1095 1319 1128 LAND
1350 1096 1409 1128 OF
1439 1096 1647 1128 DEUMAY

677 1164 734 1197 ΤΟ
773 1164 981 1196 MARGAM
1017 1164 1187 1196 ABBEY.

738 1245 911 1288 [MARGAM
935 1245 1127 1288 omnm]

245 1326 353 1358 Sciant
384 1331 543 1368 presentes
573 1329 604 1358 et
635 1326 736 1358 futuri
767 1327 851 1368 quod
882 1337 941 1368 ego
972 1325 1114 1358 THOMAS
1145 1325 1289 1358 GRAMUS
1319 1326 1448 1358 consilio
1475 1328 1506 1357 et
1532 1337 1661 1358 assensu

202 1394 355 1426 heredum
377 1405 520 1426 meorum
543 1396 573 1425 et
597 1394 731 1426 aliorum
755 1394 927 1426 amicorum
949 1404 1091 1426 meorum
1114 1394 1186 1425 dedi
1202 1396 1233 1425 et
1249 1394 1385 1425 concessi
1401 1396 1433 1425 et
1448 1393 1506 1425 hac
1522 1393 1661 1436 presenti

203 1466 288 1494 carta
310 1474 380 1494 mea
403 1462 586 1494 confirmavi
609 1462 679 1494 Deo
695 1465 727 1494 et
743 1473 768 1494 e.
786 1462 824 1493 B.
843 1462 889 1493 M.
907 1463 946 1493 (le
962 1461 1009 1494 M.
1029 1464 1060 1493 et
1082 1473 1123 1493 m.
1141 1462 1161 1493 i.
1179 1461 1220 1493 D.
1238 1473 1260 1493 s.
1285 1464 1348 1493 tres
1369 1472 1455 1493 acras
1470 1464 1552 1493 terre
1567 1472 1636 1493 mee
1652 1486 1658 1492 .

202 1542 263 1573 que
277 1532 384 1573 jacent
400 1531 433 1561 in
457 1531 580 1562 cultura
595 1531 651 1562 illa
667 1542 728 1572 que
743 1534 872 1562 vocatur
888 1531 1040 1562 DEUMAY
1058 1555 1064 1560 .
1081 1533 1112 1561 et
1128 1541 1160 1561 se
1176 1530 1354 1561 extendunt
1370 1529 1403 1561 in
1426 1529 1661 1572 longitudinem

202 1610 222 1631 a
236 1599 340 1631 rivulo
355 1599 395 1631 de
411 1598 576 1630 Gor-mm
592 1610 692 1640 usque
707 1599 747 1630 ad
763 1599 847 1630 viam
860 1610 919 1640 que
932 1598 1035 1630 tendit
1045 1599 1084 1629 de
1094 1598 1263 1629 KnN-mzc.
1276 1609 1375 1639 usque
1388 1598 1427 1629 ad
1442 1596 1639 1629 CATEPUTTE
1653 1623 1660 1629 .

204 1679 339 1709 quarum
369 1678 511 1698 acrarum
538 1667 600 1698 due
625 1666 732 1709 jacent
762 1667 856 1709 juxta
882 1670 999 1698 terram
1029 1666 1196 1697 MAURICH
1229 1665 1375 1697 GRAnms
1405 1665 1513 1697 fratris
1539 1666 1602 1697 mei
1628 1666 1662 1697 in

203 1736 350 1767 orientali
373 1739 461 1777 parte
486 1760 492 1765 .
518 1734 629 1766 Tereia
650 1746 723 1766 vero
746 1746 815 1766 acra
836 1735 920 1776 jacet
938 1735 1033 1776 juxta
1055 1737 1172 1766 terram
1196 1733 1322 1766 Tuom,
1347 1734 1477 1765 Russm,
1494 1759 1500 1764 .
1517 1733 1664 1766 similiter

204 1805 236 1836 in
261 1804 406 1835 orientali
429 1806 518 1845 parte
543 1829 548 1834 .
573 1803 607 1834 in
638 1814 751 1844 puram
781 1807 812 1835 et
843 1808 1027 1845 perpetuam
1051 1802 1255 1834 elemosinam
1279 1828 1286 1834 .
1312 1801 1410 1834 libere
1434 1827 1441 1833 .
1465 1804 1497 1834 et
1523 1801 1629 1843 quiete
1654 1827 1660 1833 .

203 1873 331 1914 pacifice
355 1875 384 1903 et
413 1872 536 1914 integre
562 1883 633 1903 011111
661 1872 807 1903 omnibus
837 1871 1037 1903 libertatibus
1063 1874 1093 1902 et
1123 1870 1230 1902 liberis
1261 1870 1541 1902 consuetudinibus
1557 1895 1564 1902 .
1582 1869 1663 1902 sicut

203 1942 269 1972 ulla
284 1941 455 1972 elemosina
471 1940 601 1972 liberius
617 1945 648 1971 et
664 1940 776 1972 melius
792 1940 860 1971 (lari
876 1942 979 1981 potest
996 1965 1002 1971 .
1020 1939 1137 1981 absque
1153 1939 1240 1971 omui
1257 1939 1421 1970 exactione
1437 1941 1468 1970 et
1494 1938 1662 1970 demanda.

206 2009 278 2052 Ego
303 2021 375 2041 vero
400 2012 431 2040 et
455 2009 586 2040 heredes
612 2009 674 2039 mei
706 2009 880 2050 predictam
904 2016 1020 2040 terram
1047 2007 1196 2049 predictis
1226 2006 1389 2039 monachis
1416 2008 1525 2038 contra
1554 2016 1663 2037 omnes

203 2078 352 2109 mortales
377 2077 410 2108 in
439 2080 626 2118 perpetuum
656 2076 940 2108 warantizabimus.
986 2076 1031 2107 Et
1055 2084 1091 2106 ut
1115 2075 1172 2107 hee
1199 2075 1331 2107 donacio
1353 2085 1425 2106 mea
1448 2076 1480 2106 et
1506 2073 1662 2105 concessio

204 2147 293 2177 firma
318 2150 347 2175 ot
372 2144 494 2176 stabilis
520 2145 561 2176 sit
585 2145 618 2176 in
647 2147 807 2186 posterum
833 2169 838 2175 .
864 2150 1041 2185 presentem
1068 2143 1221 2186 paginam
1245 2143 1342 2185 sigilli
1369 2142 1431 2174 mei
1459 2141 1663 2183 impressione

202 2214 356 2246 roboravi.
404 2213 480 2244 Hiis
503 2212 645 2244 testibus.

250 2281 412 2313 Endorsed
423 2284 465 2304 -‘
480 2280 576 2312 Carta
592 2280 715 2312 'rhome
733 2280 870 2312 Granius
885 2281 924 2311 de
940 2279 1042 2312 tribus
1057 2279 1136 2311 acris
1151 2278 1254 2310 terre.’
