1820 2548
1520 192 1602 223 1011

186 348 274 381 diam
287 349 487 391 episcopatus
508 349 595 381 illius
618 347 805 390 hujusmodi
827 349 969 389 tempore
991 358 1135 389 unquam
1157 347 1283 389 plenius
1305 346 1436 379 liberius
1459 349 1491 379 et
1513 347 1653 388 quietius

186 416 369 450 habuerunt
391 420 424 449 et
445 419 621 449 tenuerunt
643 418 717 448 ante
739 415 995 458 red[d]itionem
1019 415 1207 458 predictam,
1246 414 1300 447 Ita
1329 417 1439 447 tamen
1469 416 1555 457 quod
1584 417 1655 457 post

186 486 348 518 decessum
363 486 535 518 eorimdem
551 485 676 517 comitis
690 486 723 516 et
737 484 760 517 J
761 495 911 516 onANNAE
927 484 1070 516 custodia.
1092 484 1290 526 episcopatus
1304 483 1450 525 praedicti
1472 494 1596 515 necnon
1621 486 1652 515 et

187 555 333 586 omnium
347 556 504 587 terrarum
519 556 552 586 et
566 555 824 585 tenementorum
836 553 1063 594 praedictorum
1075 563 1140 584 una
1156 563 1229 584 cum
1239 552 1462 584 collationibus
1477 551 1652 594 prebenda-

186 634 260 655 rum
275 625 307 655 et
321 623 520 666 dignitatum
535 622 678 664 ejusdem
693 624 836 664 tempore
852 621 1006 653 vactionis
1021 621 1220 663 episcopatus
1242 620 1329 652 illius
1351 621 1393 652 ad
1408 621 1515 662 ipsum
1529 622 1654 662 patrem

186 694 331 724 nostrum
346 693 379 723 et
393 691 534 723 haeredes
549 701 622 723 suos
636 690 763 733 integre
785 693 1008 729 reverteretur,
1025 689 1121 722 Salvo
1137 689 1241 721 eidem
1255 689 1341 731 patri
1355 692 1464 721 nostro
1480 691 1513 720 et
1527 688 1654 720 heredi-

186 759 246 792 bus
268 759 333 792 suis
354 760 389 791 in
405 759 542 801 sing-ulis
565 757 783 791 vacationibus
806 758 1004 800 episcopatus
1034 757 1179 800 praedicti
1202 757 1357 790 fidelitate
1379 757 1479 799 ipsius
1502 768 1598 799 quem
1620 757 1655 788 in

187 828 370 870 episcopum
392 828 538 870 ejusdem
559 827 620 859 loci
642 827 812 869 contigerit
835 827 1016 859 confirmari
1039 827 1120 859 sicut
1141 837 1198 869 per
1227 826 1456 868 inspectionem
1478 825 1657 858 rotulorum

189 896 383 928 oancellariae
406 896 483 928 dicti
505 896 605 938 patris
628 896 728 928 nostri
750 895 842 928 nobis
865 898 988 927 constat
1011 907 1046 927 ac
1069 895 1213 938 praedicti
1236 906 1339 927 comes
1360 898 1391 927 et
1407 894 1429 927 J
1431 905 1573 926 OHANNA
1588 894 1657 936 jam

187 964 244 996 diu
259 964 326 996 dies
341 975 413 996 suos
429 964 599 996 clauserint
620 966 787 996 extremos.
834 963 904 997 Nos
919 964 1122 996 attendentes
1145 975 1216 1006 quae
1232 964 1351 996 damna
1372 963 1503 995 ecclesia
1520 963 1657 995 [11111011-

188 1043 304 1065 vain-sm
319 1033 472 1075 praedicta
487 1044 543 1075 per
563 1035 690 1065 vastum
705 1035 738 1065 et
760 1033 1009 1065 destructionem
1031 1032 1197 1065 hoscorum
1220 1034 1251 1065 et
1274 1043 1441 1064 nemorum
1464 1043 1501 1064 ac
1523 1032 1660 1064 aliorum

188 1101 229 1133 ad
252 1101 469 1144 episcopatum
485 1101 746 1133 LANDAVENSEM
770 1101 1002 1144 pertinentium
1025 1100 1222 1143 temporibus
1245 1101 1420 1132 vacationis
1435 1100 1582 1143 ejusdem
1604 1111 1660 1142 per

187 1172 358 1202 escaetores
384 1181 439 1202 seu
469 1169 548 1202 alios
578 1170 723 1202 custodes
749 1170 948 1212 episcopatus
979 1169 1076 1209 illius,
1108 1172 1224 1211 praeter
1260 1172 1403 1201 nostram
1434 1172 1464 1201 et
1494 1169 1660 1201 haeredum

187 1242 368 1270 nostrorum
399 1238 625 1270 conscientiam
654 1242 687 1270 et
716 1238 916 1271 voluntatem
946 1239 1014 1280 pati
1051 1241 1155 1280 posset
1185 1238 1219 1270 in
1257 1238 1415 1277 futurum,
1446 1238 1589 1270 volentes
1619 1237 1659 1270 ob

190 1307 356 1349 specialem
372 1307 575 1339 devotionem
591 1318 688 1349 quam
703 1308 745 1339 ad
759 1307 868 1340 beatos
883 1308 1041 1350 apostolos
1057 1307 1203 1339 Pmnmu
1227 1311 1259 1339 et
1281 1307 1442 1346 PAULUM,
1465 1307 1499 1338 in
1524 1318 1659 1349 quorum

190 1375 342 1408 honorem
358 1376 443 1407 dicta
458 1375 587 1408 ecclesia
603 1378 649 1407 est
664 1375 804 1408 fundata
819 1378 850 1408 et
866 1377 1023 1418 grandem
1044 1376 1258 1415 affectionem,
1275 1387 1372 1417 quam
1388 1376 1430 1407 ad
1445 1375 1660 1407 venerabilem

190 1447 314 1486 patrem
343 1443 366 1476 J
368 1455 537 1476 ouANNEM
565 1444 747 1486 episcopum
773 1444 834 1477 1001
860 1444 947 1476 illius
965 1445 1079 1477 intime
1101 1445 1242 1487 gerimus
1266 1444 1495 1486 indempnitati
1522 1444 1660 1476 ecclesiae

190 1512 350 1554 praedictae
373 1512 408 1544 in
430 1512 489 1544 hoc
512 1516 603 1554 parte
624 1513 790 1555 providere
814 1513 1025 1546 concessimus
1047 1513 1152 1545 eidem
1175 1513 1321 1555 episcopo
1343 1519 1375 1544 et
1399 1512 1541 1555 capitulo
1563 1512 1658 1544 dictae

192 1580 330 1612 ecclesiae
353 1580 595 1613 LANDAVENSIS
617 1593 674 1624 pro
697 1581 788 1614 nobis
810 1584 842 1614 et
865 1581 1034 1614 heredibus
1057 1582 1182 1620 nostris,
1207 1582 1293 1624 quod
1315 1582 1401 1613 idem
1422 1581 1599 1623 capitulum
1625 1581 1660 1613 in

190 1648 326 1690 singulis
341 1649 557 1681 vacationibus
572 1650 771 1692 episcopatus
785 1650 931 1692 praedicti
947 1651 1094 1693 quotiens
1106 1650 1252 1682 videlicet
1269 1650 1374 1692 ipsum
1390 1650 1606 1692 episcopatum
1619 1661 1658 1681 ex

190 1728 277 1749 nunc
292 1728 402 1748 vacare
425 1717 606 1760 contigerit,
630 1717 746 1750 habeat
769 1722 800 1750 et
823 1721 932 1751 teneat
955 1719 1131 1751 custodiam
1147 1719 1347 1761 episcopatus
1361 1718 1450 1750 illius
1465 1721 1497 1750 et
1513 1718 1658 1750 omnium

190 1785 415 1827 temporalium
431 1785 585 1827 ejusdem,
610 1797 682 1818 cum
705 1786 852 1819 omnibus
875 1787 1086 1829 pertinentiis,
1104 1788 1177 1819 sede
1192 1787 1299 1829 plena,
1316 1786 1478 1828 aliquibus
1492 1787 1658 1819 retroactis

189 1853 385 1896 temporibus
409 1852 524 1885 habere
541 1857 572 1885 et
596 1856 704 1886 tenere
729 1858 969 1894 consueverunt,
993 1856 1044 1888 vel
1066 1867 1124 1888 nos
1146 1858 1202 1887 aut
1218 1855 1349 1887 heredes
1364 1855 1465 1887 nostri
1481 1855 1657 1888 custodiam

189 1922 288 1961 illam,
305 1932 377 1953 cum
393 1921 541 1954 omnibus
555 1921 649 1955 rebus
661 1925 693 1955 et
708 1923 800 1955 bonis
808 1924 968 1965 praedictis
981 1924 1177 1967 temporibus
1192 1924 1390 1956 vacationem
1400 1924 1530 1955 illarum
1541 1923 1657 1956 habere

188 2002 350 2034 possemus
372 1991 423 2023 vel
446 1991 642 2031 deberemus,
666 1992 692 2023 si
715 1992 748 2024 in
772 2003 905 2025 manum
927 1996 1070 2025 nostram
1093 1993 1143 2026 vel
1165 1993 1320 2025 heredum
1336 1996 1517 2025 nostrorum
1531 1995 1658 2025 retenta

188 2060 334 2092 fuissent.
380 2059 434 2092 Ita
457 2060 542 2102 quod
565 2060 687 2092 dictum
711 2061 887 2103 capitulum
906 2062 946 2093 de
962 2061 1201 2104 temporalibus,
1218 2061 1319 2100 bonis,
1343 2065 1375 2093 et
1398 2060 1492 2093 rebus
1506 2061 1657 2103 predictis

188 2128 317 2170 plenam
333 2131 365 2160 et
379 2127 514 2160 liberam
531 2128 842 2161 administrationem
864 2129 991 2169 habeat,
1013 2133 1045 2162 et
1068 2130 1176 2162 omnia
1198 2129 1416 2162 emolumenta
1438 2129 1603 2171 percipiat,
1620 2141 1656 2162 ao

187 2196 262 2228 inde
279 2196 445 2238 disponere
460 2199 493 2228 et
509 2197 655 2229 ordinare
671 2198 778 2239 possit,
795 2201 890 2240 prout
905 2199 934 2232 ei
957 2199 1073 2231 melius
1088 2203 1120 2231 et
1142 2198 1255 2230 utilius
1278 2196 1439 2229 videbitur
1461 2197 1655 2238 faciendum,

187 2267 220 2297 et
238 2267 333 2306 prout
353 2265 491 2307 episcopi
511 2265 572 2297 loci
587 2265 675 2298 illius
697 2267 773 2299 inde
787 2270 916 2309 possent
931 2267 1036 2300 facere
1051 2267 1198 2300 ordinare
1214 2269 1245 2299 et
1261 2266 1438 2308 disponere,
1455 2266 1529 2298 sede
1549 2265 1655 2308 plena,
