1820 2548
248 162 312 193 986

202 317 365 349 Pfflmrm
396 317 615 350 MARESCALLI
646 320 678 349 et
707 317 873 349 JOHANNE
904 317 968 349 filie
998 320 1105 349 nostre
1135 317 1228 349 uxori
1257 316 1328 359 ejus
1359 328 1468 350 omnes
1497 319 1596 350 terras
1625 319 1658 350 et

203 389 385 418 tenementa
421 389 528 418 nostra
565 388 597 418 et
634 385 777 418 redditus
814 396 886 417 cum
922 385 1070 418 omnibus
1106 385 1171 418 suis
1207 385 1411 428 pertinenciis
1447 386 1481 418 in
1519 385 1657 418 KsRmr·

202 454 398 487 Pssumm
422 454 535 487 COGAN
558 457 590 486 et
610 455 644 486 in
665 454 812 486 omnibus
828 454 898 486 aliis
914 454 989 486 locis
1004 454 1038 486 in
1053 455 1206 486 comitatu
1223 453 1438 486 GLAMORGAN
1454 455 1522 486 sine
1544 454 1650 496 aliquo

200 523 419 555 retinemento.
465 522 664 555 Habendum
680 526 710 554 et
727 523 902 554 tenendum
917 522 1066 564 predictis
1083 521 1259 554 GAerno
1275 524 1306 554 et
1321 521 1343 554 J
1345 533 1485 554 OHANNE
1501 524 1533 554 et
1547 533 1656 555 eorum

199 590 369 624 heredibus
389 603 467 634 quos
489 592 648 633 predictus
670 590 866 623 Gurmnus
885 591 925 622 de
945 591 1086 632 predicta
1101 591 1123 623 J
1125 601 1265 622 onANNE
1287 590 1432 633 legitime
1446 591 1657 633 procreaverit

199 659 298 692 libere
321 660 426 702 quiete
450 659 528 692 bene
551 662 582 691 et
605 659 639 691 in
662 670 737 701 pace
761 661 792 690 et
805 658 878 701 jure
893 658 1083 691 hereditario
1098 659 1342 701 imperpetuum.
1390 658 1566 692 Reddendo
1581 659 1656 692 inde

197 728 365 760 annuatim
387 727 479 760 nobis
501 729 533 759 et
554 726 722 759 heredibus
745 726 861 759 nostris
883 738 984 759 unum
1006 727 1175 759 denarium
1197 728 1323 770 argenti
1346 728 1387 759 ad
1410 728 1527 760 festum
1545 727 1654 760 Sancti

197 795 392 828 MICHAELIS
415 807 471 838 pro
494 795 641 828 omnibus
663 795 802 828 serviciis
824 795 1015 828 secularibus
1042 795 1261 828 exactionibus
1283 798 1315 828 et
1340 796 1516 828 domandis.
1561 796 1607 829 Et
1629 796 1656 828 si

197 864 363 907 contingat
389 865 474 906 quod
504 863 630 907 prefata
655 863 677 896 J
680 875 821 895 OHANNA
848 864 916 895 sine
946 863 1060 896 herede
1091 864 1130 896 de
1160 875 1288 906 corpore
1317 864 1451 906 predicti
1481 864 1651 897 Giumm

196 935 358 975 procreato
381 932 416 964 in
431 932 499 964 fata
523 933 653 964 decedat
670 933 755 974 quod
778 931 861 964 absit
875 943 984 964 omnes
999 934 1081 964 terre
1095 932 1236 974 predicte
1251 934 1283 964 et
1298 935 1481 965 tenementa
1495 944 1568 965 cum
1590 933 1654 965 suis

196 1001 400 1043 pertinenciis
423 1001 503 1033 sicut
526 1001 703 1043 predictum
727 1003 773 1033 est
795 1000 877 1033 mihi
899 999 1093 1034 WILLELMO
1116 1003 1147 1032 et
1170 1000 1308 1033 smum
1330 1001 1423 1033 uxori
1444 1012 1515 1034 mco
1529 1003 1562 1034 et
1576 1001 1655 1034 meis

196 1068 365 1102 heredibus
395 1070 500 1111 quiete
530 1072 692 1101 revertant
722 1071 753 1101 et
782 1071 830 1101 tot
859 1068 968 1101 taliter
1003 1069 1238 1111 imperpetuum
1274 1071 1470 1101 remaneant.
1515 1068 1562 1101 Et
1597 1079 1654 1102 nos

194 1137 329 1179 predicti
353 1136 567 1169 WlLLELMUs
590 1140 622 1170 et
644 1137 781 1169 SxssILLA
799 1148 879 1169 uxor
901 1148 972 1169 mea
994 1142 1025 1168 et
1047 1137 1178 1169 heredes
1192 1137 1292 1169 nostri
1307 1148 1362 1169 seu
1377 1137 1530 1179 assignati
1545 1148 1653 1169 omnes

192 1207 291 1237 terras
314 1208 345 1237 et
360 1207 543 1238 tenementa
566 1205 708 1247 predicta
725 1217 797 1237 cum
820 1205 966 1237 omnibus
989 1205 1053 1237 suis
1074 1205 1281 1247 pertinenciis
1303 1205 1384 1237 sicut
1406 1204 1583 1246 predictum
1605 1206 1652 1237 est

193 1273 342 1316 predictis
359 1273 535 1305 GALFRIDO
551 1276 582 1305 et
598 1273 619 1305 J
622 1285 763 1305 OHANNA
780 1275 811 1306 et
826 1285 936 1306 eorum
950 1273 1118 1306 heredibus
1134 1284 1211 1315 quos
1226 1273 1385 1316 predictus
1401 1272 1598 1305 GALFRmth
1613 1273 1653 1305 de

193 1353 321 1383 corpore
336 1342 476 1384 predicte
492 1342 514 1374 J
516 1352 658 1373 OHANNE
674 1342 817 1384 legitime
833 1341 1043 1384 procreaverit
1059 1343 1168 1374 contra
1183 1352 1291 1373 omnes
1306 1342 1455 1373 mortales
1466 1341 1652 1373 warantiza-

193 1409 298 1442 bimus
321 1409 570 1452 acquietabimus
594 1412 625 1442 et
648 1409 857 1442 defendemus
880 1410 1125 1452 imperpetuum.
1172 1409 1218 1441 Et
1244 1411 1281 1441 ut
1306 1409 1364 1441 hec
1390 1411 1498 1441 nostra
1520 1409 1652 1441 donacio

197 1478 353 1510 concessio
384 1481 416 1510 et
445 1478 599 1520 presentis
629 1481 713 1511 carte
742 1481 848 1511 nostre
877 1478 1077 1511 confirmacio
1106 1481 1176 1510 rata
1205 1481 1237 1510 et
1267 1477 1389 1510 stabilis
1418 1478 1652 1520 imperpetuum

194 1548 377 1588 permaneat
405 1547 543 1588 presenti
570 1547 684 1589 scripto
715 1547 822 1590 sigilla
846 1549 954 1579 nostra
977 1546 1190 1588 apposuimus.
1237 1545 1315 1578 Hiis
1341 1545 1498 1578 testibus.
1516 1533 1653 1578 dominis

196 1614 364 1646 Pmmppo
387 1615 426 1645 de
449 1614 619 1646 NERBERD
644 1640 649 1646 .
669 1614 862 1647 W11,LELMO
884 1616 923 1647 de
940 1614 1161 1647 Wmcsssm».
1183 1640 1189 1646 .
1207 1614 1371 1647 JOHANNE
1400 1614 1430 1646 le
1460 1613 1622 1646 Nomum
1644 1639 1651 1646 .

196 1682 348 1714 R1cA1m0
378 1683 407 1715 le
438 1682 600 1715 szmNG
631 1683 787 1715 militibus
818 1709 824 1715 .
852 1683 1026 1716 WAmmo
1057 1684 1096 1715 de
1126 1683 1249 1716 me
1281 1708 1287 1715 .
1321 1682 1489 1715 Pmurro
1519 1682 1616 1714 PAYN
1644 1707 1651 1714 .

194 1750 370 1784 WALTERO
385 1752 424 1783 de
439 1751 562 1783 Bam(
579 1777 585 1783 .
603 1754 635 1784 et
651 1752 730 1784 aliis.
