1820 2548
206 232 289 263 1090

157 388 287 420 domino
304 386 432 429 capitali
448 386 530 418 dicte
546 386 622 418 ville
637 397 693 428 per
709 385 839 418 servicia
854 385 930 417 iude
946 385 1054 418 debita
1069 387 1101 418 et
1123 389 1272 418 consueta
1294 385 1392 418 libere
1415 386 1521 428 quiete
1535 386 1617 418 bene

157 459 190 488 et
206 456 238 487 in
255 467 330 498 paee
346 455 418 498 jure
434 454 626 486 hereditario
642 454 675 486 in
691 457 891 496 perpetuum.
937 453 983 485 Et
999 465 1057 496 ego
1074 465 1146 486 vero
1162 454 1246 486 diota
1263 453 1424 486 OmanA
1441 457 1473 486 et
1487 453 1617 487 heredes

158 525 220 556 mei
244 527 349 556 totum
368 524 489 555 dietum
512 522 706 565 burgagium
727 533 799 554 cum
826 522 1027 564 pertinentiis
1047 522 1132 554 dicto
1153 522 1279 554 Tuom:
1306 524 1337 554 et
1361 522 1530 554 heredibus
1552 523 1618 555 suis

158 593 223 624 sive
239 592 408 635 assignatis
424 594 532 623 contra
545 602 653 623 omnes
664 590 813 622 mortales
824 590 1099 623 warentizabimus
1109 593 1141 622 et
1152 590 1360 622 defendemus
1369 590 1403 622 in
1415 592 1614 633 perpetuum.

157 660 199 692 In
226 660 318 702 cujus
345 661 390 691 rei
416 659 634 691 testimonium
658 658 731 690 huie
757 658 897 700 presenti
924 661 1008 690 carto
1038 658 1180 701 sigillum
1216 669 1324 690 meum
1350 658 1491 701 apposui.
1538 657 1616 690 Hiis

155 728 290 761 testibus
303 755 309 760 .
322 728 474 760 HUGONE
490 728 529 760 de
546 727 669 759 RAATH
684 753 690 759 .
705 726 727 759 J
729 738 869 758 OHANNE
886 727 951 759 filio
966 739 1022 759 suo
1036 753 1042 759 .
1056 727 1078 759 J
1080 738 1221 759 OHANNE
1237 726 1335 759 ΟΜΝ
1349 753 1355 759 .
1368 727 1391 759 J
1393 737 1534 759 OHANNE
1549 727 1616 760 filio

154 797 326 829 NICHOLAI
344 796 430 828 dela
445 796 548 828 Mona
567 795 744 828 .R1‹=.nu>0
767 795 833 827 filio
856 795 944 827 ELm
969 821 974 827 .
1000 795 1141 827 ROGERO
1163 795 1193 827 le
1216 795 1364 827 Pomcmz
1388 821 1394 827 .
1420 795 1616 828 WlLLELMo

154 866 193 897 de
210 864 376 897 GRASMER
392 867 423 896 et
439 864 550 896 multis
565 864 645 895 aliis.

198 933 320 965 Datum
343 933 429 974 apud
448 932 609 964 Kanum
633 931 735 974 primo
755 931 806 963 die
821 931 938 964 mensis
961 931 1076 964 Martis
1099 943 1183 964 anno
1205 932 1298 974 regni
1321 931 1422 974 Regis
1444 931 1614 963 Enwmm

153 1002 212 1034 filii
229 1002 329 1044 Regis
345 1001 514 1033 EDWARDI
531 1006 634 1032 me0·

194 1069 267 1102 Sea]
283 1070 316 1101 in
333 1070 388 1101 red
404 1081 485 1109 wax,
504 1069 588 1111 Ιὲίῃ.
607 1069 702 1100 diam.
749 1068 782 1100 A
798 1071 862 1101 star
878 1068 956 1100 with
979 1068 1052 1100 four
1074 1068 1161 1100 main
1184 1069 1248 1100 and
1271 1069 1384 1100 twelve
1407 1067 1612 1101 subordinate

150 1149 233 1180 rays.

192 1205 382 1248 Legend—‘
400 1211 429 1240 -ι-
450 1205 475 1235 s'
492 1216 667 1236 (τηις-[ΜΝΞ
684 1205 806 1236 Amch

787 1423 972 1457 DCCCCV.

149 1504 476 1540 INQOESITIONS
513 1504 600 1537 ‘AD
639 1504 768 1539 QUOD
807 1504 1044 1536 DAMNUM’
1083 1504 1184 1536 AND
1219 1503 1350 1537 ‘POST
1387 1503 1611 1536 MORTEM’

258 1573 317 1605 OF
354 1572 481 1605 JOHN
528 1572 706 1611 1WAYN,
756 1572 815 1604 OF
864 1572 961 1604 THE
1009 1572 1201 1605 COUNTY
1246 1572 1348 1605 AND
1397 1572 1507 1604 OITY
1553 1571 1614 1604 OF

258 1641 530 1680 HEREFORD,
569 1641 669 1673 AND
708 1640 806 1673 THE
845 1640 1083 1673 LORDSHIP
1122 1641 1181 1673 OF
1218 1640 1399 1674 GOWER.

342 1721 481 1764 [PRO.
528 1721 658 1755 Imes,
677 1732 720 1753 An
737 1732 824 1755 QUOD
841 1732 1000 1761 DAMNUM,
1019 1723 1058 1753 15
1074 1721 1170 1753 Eow.
1188 1721 1248 1761 IL,
1265 1722 1328 1754 No.
1346 1722 1413 1762 75]

925 1803 966 1833 27
982 1802 1077 1841 Fan„
1094 1814 1160 1834 ETC.
1210 1803 1249 1834 15
1266 1802 1361 1834 Enw.
1379 1802 1428 1834 II.
1477 1802 1568 1834 1322.

195 1884 388 1916 EDWARDUS
419 1883 483 1915 Dei
506 1883 612 1926 gratia
637 1883 707 1914 Rex
730 1882 868 1915 Axonm
893 1883 1041 1915 dominus
1062 1883 1242 1915 Hmmmm
1267 1885 1299 1916 et
1323 1883 1390 1915 dux
1414 1883 1612 1916 Aomumss

152 1952 329 1985 vicecomiti
346 1951 578 1983 HEREFORDIE
595 1951 739 1983 salutem.

196 2020 395 2062 Supplicavit
410 2019 501 2051 nobis
516 2019 639 2051 Amen
657 2019 722 2051 filia
735 2018 921 2052 Wuspmm
938 2019 1082 2051 ROKULF
1094 2019 1240 2061 junioris,
1253 2019 1338 2061 quod
1348 2030 1420 2051 cum
1431 2018 1454 2051 J
1455 2028 1614 2050 OHANNES

152 2088 272 2120 Iwmx
290 2088 545 2130 consanguineus
559 2087 658 2130 ipsius
673 2087 808 2127 Amcm,
822 2087 915 2130 cujus
930 2087 1020 2120 heres
1035 2087 1103 2130 ipsa
1126 2090 1182 2127 est,
1205 2087 1274 2130 jam
1296 2087 1476 2126 defunctae,
1500 2086 1614 2118 fuisset

152 2157 278 2189 seisitus
293 2157 327 2188 in
343 2156 502 2188 dominico
519 2167 574 2188 suo
590 2158 627 2187 ut
643 2156 681 2187 de
697 2156 798 2195 feodo,
815 2156 866 2188 die
882 2167 944 2198 quo
961 2155 1050 2195 obiit,
1066 2157 1106 2188 de
1122 2156 1253 2188 diversis
1268 2155 1360 2188 terris
1375 2158 1407 2187 et
1422 2154 1614 2187 tenementis

152 2237 225 2257 eum
249 2225 450 2267 pertinentiis
473 2224 506 2256 iu
534 2224 688 2256 comitatu
713 2224 865 2266 predicto,
893 2226 925 2256 et
951 2225 1062 2256 eadem
1085 2224 1209 2256 ALlclA
1230 2226 1301 2266 post
1321 2225 1456 2256 mortem
1478 2222 1614 2265 predicti

151 2292 174 2325 J
176 2303 326 2324 onmsms
342 2295 442 2324 terras
457 2294 489 2323 et
505 2294 687 2323 tenementa
703 2292 844 2334 predicta
860 2292 1003 2334 ingressa
1019 2292 1130 2324 fuisset
1145 2295 1177 2324 et
1192 2303 1229 2324 ea
1246 2291 1319 2334 jure
1339 2290 1531 2323 hereditario
1556 2289 1614 2322 diu
