1820 2548
186 181 246 212 732

767 435 959 468 DCLXXI.

148 516 296 555 ADAM,
337 515 425 548 SON
470 515 529 548 OF
574 515 758 548 DANIEL
802 516 940 554 BERD,
983 516 1166 549 GRANTS
1212 517 1342 549 LAND
1389 516 1442 548 IN
1487 516 1584 548 THE

227 583 396 616 MANOR
425 583 485 615 OF
514 583 659 615 DINAS
691 583 852 616 POWYS
883 584 940 616 TO
972 583 1175 617 WALTER
1205 585 1268 616 DE
1300 583 1508 616 RENGNY.

634 663 738 706 [Anu.
763 664 937 703 Omni-ER,
961 665 1106 708 24‚258.]

185 745 292 778 Sciant
314 757 343 788 p.
362 748 392 777 et
414 745 436 777 f.
455 745 539 787 quod
558 756 617 787 ego
639 744 745 776 Anffl
768 745 853 777 filius
871 745 1039 778 DAxmms
1060 746 1158 778 Bam)
1179 746 1252 778 dedi
1275 749 1305 777 et
1328 745 1463 777 concessi
1486 748 1519 777 et
1537 745 1597 778 hac

140 814 279 856 presenti
302 817 388 845 carta
410 825 480 845 mea
503 813 686 845 confirmavi
709 824 807 845 unam
831 824 935 845 acram
959 816 990 846 et
1012 814 1179 846 dimidiam
1194 814 1277 856 prati
1301 825 1373 845 cum
1394 813 1598 856 pertinenciis

141 881 205 913 suis
225 882 264 913 de
287 881 385 913 libero
406 884 588 913 tenemento
612 892 682 912 meo
704 881 738 912 in
760 881 902 913 manerio
925 882 964 913 de
987 881 1168 913 DYNAPOVS
1189 881 1363 914 wir-rano
1386 882 1425 913 de
1449 881 1599 913 RENGNY

140 950 225 991 quod
248 950 377 991 quidem
401 953 529 991 pratum
551 949 635 990 jacet
658 949 692 980 in
715 949 816 981 tribus
839 949 915 981 locis
937 949 1054 981 sciIicet
1077 961 1141 981 una
1164 950 1297 981 dimidia
1320 960 1391 981 acra
1406 950 1491 991 jacet
1504 949 1600 992 juxta

139 1021 267 1060 pratum
289 1018 374 1059 quod
397 1017 499 1048 dictus
522 1017 715 1048 WALTERvs
738 1018 814 1048 emit
838 1017 1009 1059 aliquando
1032 1017 1109 1049 Am
1132 1018 1198 1049 filio
1222 1017 1334 1049 YSAAc
1356 1017 1438 1050 Vo‘r.
1484 1017 1599 1050 Unum

140 1086 241 1127 capud
272 1085 417 1117 extendit
443 1096 475 1116 se
502 1086 542 1116 ad
567 1085 707 1116 rivulum
734 1086 773 1116 de
799 1085 950 1117 Prmzlm
977 1085 1114 1117 alterum
1140 1086 1242 1127 capud
1266 1086 1411 1117 extendit
1438 1097 1469 1118 se
1494 1098 1602 1118 versus

140 1154 293 1186 orientem
317 1166 416 1196 usque
439 1154 479 1185 ad
503 1154 664 1195 quandam
687 1165 818 1195 parvam
841 1153 968 1186 fossam.
1014 1154 1128 1185 Altera
1151 1154 1285 1185 dimidia
1308 1165 1379 1185 acra
1401 1154 1485 1196 jacet
1503 1154 1599 1195 juxta

139 1226 267 1265 prat-um
293 1227 369 1254 tunc
396 1222 564 1254 WALTERI
596 1222 777 1254 SEREBERD
804 1222 889 1253 unde
916 1233 1017 1254 unum
1043 1222 1144 1264 capud
1175 1223 1320 1254 extendit
1349 1233 1381 1253 se
1408 1223 1449 1254 ad
1479 1223 1601 1255 dictum

139 1292 279 1324 rivulum
303 1291 343 1323 de
370 1290 521 1322 Prnmm
550 1294 581 1322 et
608 1290 744 1322 alterum
768 1291 869 1332 capud
893 1290 1037 1322 extendit
1060 1301 1092 1322 se
1115 1290 1155 1321 ad
1178 1290 1297 1322 dictam
1319 1302 1450 1332 parvam
1474 1290 1600 1322 fossam.

140 1360 253 1392 Tereia
283 1371 357 1392 vero
387 1359 543 1400 particula
572 1359 656 1400 prati
685 1358 768 1400 jacet
800 1358 832 1389 in
863 1358 1066 1400 longitudine
1100 1358 1195 1400 juxta-
1228 1358 1379 1390 Pmnm
1411 1361 1442 1390 et
1472 1361 1602 1390 vocatur

142 1429 282 1470 Anglice
308 1427 364 1459 Yr:
391 1426 506 1459 Srnor.
555 1426 744 1458 Tenendum
769 1430 799 1457 et
824 1426 1008 1458 habendum
1033 1428 1137 1458 totum
1163 1426 1341 1468 predictum
1371 1428 1500 1468 pratum
1530 1437 1602 1459 eum

141 1497 289 1530 omnibus
312 1495 515 1537 pertinenciis
542 1495 606 1527 suis
632 1496 671 1526 de
697 1506 747 1526 me
772 1498 804 1526 et
830 1494 998 1526 heredibus
1024 1495 1103 1526 meis
1127 1494 1186 1526 sibi
1213 1498 1245 1526 et
1271 1494 1440 1527 heredibus
1465 1495 1530 1527 suis
1552 1495 1603 1527 vel

140 1565 310 1608 assignatis
341 1564 404 1596 suis
435 1563 532 1596 libere
563 1563 669 1605 quiete
698 1563 826 1605 pacifice
860 1563 984 1605 integre
1014 1566 1045 1594 et
1074 1563 1275 1595 hereditarie.
1321 1562 1498 1595 Reddendo
1528 1564 1604 1596 inde

143 1634 311 1667 annuatim
334 1633 415 1665 mihi
438 1636 468 1664 et
492 1632 662 1664 heredibus
683 1632 762 1663 meis
784 1632 851 1673 ipse
874 1635 906 1663 et
920 1631 1051 1663 heredes
1066 1632 1114 1663 sui
1130 1632 1181 1663 vel
1195 1631 1349 1673 assignati
1365 1632 1414 1663 sui
1429 1632 1470 1663 ad
1485 1631 1604 1664 festum

145 1703 254 1735 Sancti
271 1701 465 1733 Mmmzms
488 1712 589 1732 unum
612 1700 739 1732 obolum
763 1712 820 1742 pro
843 1699 990 1731 omnibus
1013 1700 1150 1731 serviciis
1165 1700 1302 1741 querelis
1323 1700 1606 1733 consuetudinibus

146 1772 238 1804 sectis
260 1771 419 1802 curiarum
442 1769 570 1801 auxiliis
595 1769 720 1800 releviis
746 1768 875 1800 herietis
898 1771 928 1799 et
952 1768 1099 1800 omnibus
1121 1768 1192 1800 aliis
1214 1767 1406 1800 secularibus
1429 1769 1605 1801 demendis.

148 1840 221 1881 Ego
240 1850 314 1870 vero
336 1838 497 1880 predictus
517 1837 621 1869 AnAM
646 1840 676 1868 et
699 1837 828 1868 heredes
856 1837 918 1868 mei
945 1839 1050 1868 totum
1072 1836 1250 1878 predictum
1275 1839 1402 1878 pratum
1423 1848 1496 1868 cum
1519 1848 1603 1869 omn.

144 1909 258 1951 pertin.
284 1908 348 1939 suis
371 1907 514 1948 predicto
539 1906 713 1938 WALTERo
737 1906 775 1937 de
800 1905 946 1937 RENGNY
976 1908 1008 1937 et
1029 1905 1094 1936 her.
1118 1905 1188 1937 suis¹
1210 1905 1259 1936 vel
1288 1905 1380 1948 assig.
1404 1905 1469 1937 suis
1495 1908 1605 1937 contra.

149 1988 258 2008 omnes
281 1976 311 2007 h.
329 1978 361 2007 et
383 1975 406 2006 f.
423 1975 647 2017 inperpetuum
664 1974 867 2005 warentizare
889 1974 1069 2015 acquietare
1088 1976 1120 2005 et
1142 1974 1312 2005 defendere
1335 1973 1494 2006 debemus.
1541 1973 1604 2006 Pro

149 2046 210 2077 hiis
240 2044 414 2076 donacione
443 2043 640 2075 concessione
669 2045 699 2074 et
731 2045 815 2074 carte
845 2054 913 2074 mee
944 2041 1201 2074 warantizatione
1228 2042 1315 2073 dedit
1342 2041 1421 2073 mihi
1448 2042 1608 2083 predictus

149 2114 346 2146 WALTERUS
360 2113 400 2144 de
412 2112 561 2144 Res-cm*
573 2112 785 2153 quadraginta
799 2111 914 2142 solidos
925 2111 1169 2153 esterlingorum
1184 2109 1387 2151 premanibus
1402 2110 1436 2141 in
1451 2110 1604 2152 ingressu.

150 2182 194 2214 Et
226 2186 260 2213 ut
291 2181 347 2212 hec
377 2191 448 2212 mee.
477 2180 609 2212 donacio
640 2180 794 2211 concessio
825 2183 855 2211 et
887 2183 970 2210 carte
1001 2190 1069 2210 mee
1100 2178 1299 2210 confirmacio
1323 2180 1390 2209 rate
1416 2180 1448 2209 et
1478 2177 1606 2209 stabiles

147 2253 353 2292 permaneant
391 2248 473 2280 hanc
503 2251 681 2289 presentem
712 2250 831 2279 cartam
865 2247 964 2289 sigilli
995 2247 1057 2278 mei
1087 2246 1292 2288 impressione
1328 2245 1481 2277 roboravi.
1530 2245 1606 2277 Hiis
