1820 2548
158 159 220 190 774

113 312 258 345 Dimidia
279 325 352 345 vero
375 325 447 346 aora
468 314 553 356 jaoet
574 314 658 345 inter
678 316 795 345 terram
817 313 886 356 jam
908 314 1064 346 dictorum
1091 314 1317 347 monachorum
1335 326 1432 357 quam
1449 314 1568 347 habue-

112 387 187 414 runt
214 394 253 414 ex
280 383 364 415 dono
389 382 547 415 Hcooxis
573 382 716 415 Guium
742 382 851 414 fratris
880 383 940 414 mei
970 407 977 414 .
1003 385 1035 415 et
1064 385 1182 415 terram
1211 382 1337 415 Tuom
1368 383 1511 415 GRAMUS
1533 383 1568 415 in

112 451 246 493 longum
269 463 368 493 usque
395 450 581 483 Gorsium
606 477 612 482 .
637 450 678 482 In
702 461 814 493 puram
837 454 868 482 et
891 454 1077 493 perpetuam
1099 451 1302 488 elemosinam
1327 477 1333 483 .
1358 451 1474 484 Libere
1498 477 1504 483 .
1535 455 1567 483 et

112 521 219 562 quiete
232 546 237 552 .
254 520 380 562 pacifice
394 546 400 552 .
415 523 447 552 et
463 521 587 562 integre
601 545 607 551 .
623 519 704 552 Cum
721 519 868 551 omnibus
883 519 1082 552 libertatibus
1096 522 1128 552 et
1143 519 1251 552 liberis
1266 520 1545 552 consuetudinibus
1558 545 1564 551 .

112 589 192 620 sicut
215 589 281 620 ulla
304 588 474 620 elemosina
501 588 631 620 liberius
654 591 685 620 et
714 588 826 620 melius
853 588 921 620 dari
945 591 1056 630 potest.
1103 588 1255 630 Exceptis
1279 591 1406 620 tantum
1431 590 1567 630 quatuor

111 657 256 689 denarios
273 681 280 687 .
298 668 376 698 quos
392 657 559 700 annuatim
580 657 655 688 inde
679 657 810 688 reddere
834 656 951 688 debent
971 656 1129 698 sepedicto
1146 682 1152 688 .
1170 655 1296 688 Tuom
1316 655 1459 688 GRAMUS
1474 655 1567 688 fratri

110 736 180 757 meo
205 729 235 757 et
260 725 428 757 heredibus
453 725 517 756 suis
541 725 582 756 ad
606 724 720 766 pascha
745 750 751 756 .
776 736 833 766 pro
860 724 946 756 omni
971 724 1097 756 servitio
1121 727 1153 756 et
1179 724 1311 756 seculari
1341 723 1504 755 exactione
1534 725 1566 756 et

110 794 269 826 demanda
285 819 291 825 .
310 794 390 825 sicut
407 804 465 835 ego
481 804 537 835 pro
554 794 639 825 dicta
655 797 739 824 terra
754 793 884 824 reddere
900 793 1047 824 consuevi
1071 818 1077 823 .
1103 792 1175 834 Ego
1197 803 1269 824 vero
1287 817 1292 823 .
1311 795 1342 823 et
1356 791 1488 824 heredes
1502 791 1566 824 mei

108 862 283 904 predictam
307 866 424 893 terram
447 861 528 893 sicut
551 861 620 903 jam
641 861 764 893 dictum
786 864 833 893 est
857 887 863 893 .
888 861 1116 903 prenominatis
1137 860 1300 892 monachis
1322 863 1431 892 contra
1456 871 1566 892 omnes

107 930 256 962 mortales
270 930 305 961 in
321 934 510 971 perpetuum
522 929 806 961 warantizabimus.
854 928 991 963 Quando
1007 932 1114 960 autem
1126 929 1218 961 dictis
1230 928 1392 960 monachis
1403 928 1565 970 prefatum

108 998 167 1030 feci
183 998 386 1029 donationem
405 1023 410 1028 .
428 1009 496 1029 mee
513 998 743 1039 compacientes
755 997 933 1029 necessitati
950 1022 956 1028 .
974 997 1090 1039 viginti
1102 997 1217 1029 solidos
1232 997 1457 1039 sterlingorum
1468 996 1566 1028 michi

107 1067 260 1098 dederunt
278 1072 309 1098 et
327 1078 427 1098 unum
442 1066 565 1098 bovem.
612 1065 657 1097 Et
673 1071 708 1098 ut
728 1066 784 1097 hec
801 1066 930 1097 donatio
945 1068 977 1097 et
993 1065 1148 1097 concessio
1170 1066 1260 1098 firma
1277 1069 1308 1097 et
1324 1065 1446 1097 stabilis
1461 1076 1563 1107 perse-

106 1140 193 1166 veret
217 1136 250 1166 111
269 1139 430 1176 posterum
455 1160 460 1165 .
481 1137 660 1177 presentem
682 1135 835 1176 pagiuam
860 1134 958 1176 sigilli
981 1135 1043 1166 mei
1065 1134 1269 1176 impressione
1287 1133 1441 1165 roboravi.
1487 1133 1564 1165 Hiis

106 1202 248 1235 testibus.
298 1202 472 1234 WAer-:Ro
491 1202 614 1234 Lct‘EL
636 1229 640 1234 .
667 1202 792 1234 Tuom
815 1201 986 1234 GRAMMUS
1003 1227 1009 1233 .
1027 1206 1058 1233 et
1077 1201 1216 1233 Romano
1239 1201 1408 1234 GRAMMcs
1428 1201 1565 1234 fratibus

106 1271 185 1303 meis
205 1297 210 1302 .
236 1271 360 1303 ΤΗοΜΛ
383 1272 422 1303 de
447 1270 606 1302 Connu-
627 1296 633 1302 .
657 1270 826 1302 Pmmrro
849 1271 1055 1302 ALEXANDRI
1073 1296 1079 1302 .
1097 1270 1290 1302 WILLELMO
1309 1270 1538 1302 mexumn
1556 1295 1562 1302 .

107 1339 276 1371 Pfflmrro
292 1339 403 1370 clerico
421 1364 428 1370 .
447 1338 468 1370 J
472 1349 613 1370 OHAXNE
630 1338 778 1370 erARn
796 1365 802 1370 .
820 1342 850 1370 et
868 1339 977 1370 multis
991 1338 1070 1369 aliis.

149 1408 232 1441 Seal,
249 1408 304 1439 red
321 1419 400 1444 wax,
417 1407 478 1438 lin.
497 1408 592 1438 diam.
640 1407 695 1438 An
711 1407 840 1448 elegant
856 1407 968 1449 design
984 1406 1018 1438 of
1040 1406 1112 1438 four
1128 1406 1331 1438 fleurs-de-lis
1347 1418 1385 1438 on
1403 1418 1421 1438 a
1432 1406 1562 1438 braneh.

530 1478 537 1491 ‘
554 1474 629 1517 [ψ]
648 1474 672 1505 s‘
691 1501 696 1506 .
716 1485 872 1506 mcmcu
890 1499 896 1505 .
915 1475 1065 1514 GRAMU[S
1083 1499 1088 1505 .
1107 1473 1141 1514 ]’

147 1544 368 1576 Endorsed—⁴
380 1542 475 1575 Carta
491 1543 640 1574 Mauricii
658 1542 794 1574 Gmmus
809 1543 848 1574 de
864 1546 1001 1584 quatuor
1015 1542 1094 1573 acris
1108 1545 1190 1574 terre
1206 1545 1236 1574 et
1256 1542 1410 1574 dimidia.²

759 1704 909 1737 DCCVI.

112 1785 395 1821 QUIT-OLAJM
423 1786 487 1818 BY
518 1785 736 1818 MAURICE
767 1785 1012 1818 GRAMMU&
1041 1785 1099 1817 OF
1130 1785 1294 1817 NORTH
1322 1784 1552 1823 OORNELY,

237 1854 296 1886 OF
327 1854 407 1886 HIS
438 1853 717 1886 ANCESTRAL
747 1853 902 1886 LANDS
933 1853 990 1886 ΤΟ
1021 1853 1229 1885 MARGAM
1258 1853 1429 1885 ABBEY.

557 1934 687 1977 [HARL.
712 1934 885 1973 CHARTmz,
910 1935 950 1965 75
975 1934 1009 1966 C.
1036 1933 1104 1976 16.]

145 2015 302 2048 Omnibus
329 2016 469 2047 CHRISTI
496 2015 642 2047 fidelibus
666 2016 707 2047 ad
732 2026 810 2057 quos
836 2026 963 2057 presens
986 2016 1138 2057 seriptum
1160 2015 1340 2057 pervenerit
1366 2014 1560 2046 MAmucms

102 2083 275 2115 Guium-s
290 2084 330 2115 de
346 2083 505 2115 CORNELY
525 2094 667 2114 Rom-:Am
684 2083 819 2114 salutem
834 2083 868 2114 in
885 2083 1014 2115 domino
1030 2084 1264 2125 sempiternam.

144 2151 280 2182 Noverit
302 2151 492 2182 universitas
515 2154 620 2182 vestra
639 2162 691 2182 me
713 2152 866 2182 concessie
890 2151 1088 2183 confirmasse
1111 2153 1142 2183 et
1166 2151 1310 2192 quietum
1332 2151 1480 2182 clamasse
1502 2160 1561 2193 pro

99 2230 151 2250 me
166 2223 197 2250 et
213 2218 382 2250 heredibus
402 2219 481 2250 meis
496 2219 530 2250 111
546 2222 736 2260 perpetuum
752 2219 859 2250 abbati
875 2220 914 2250 de
935 2219 1089 2250 MARGAN
1106 2224 1138 2250 et
1154 2218 1297 2261 ejusdem
1314 2219 1374 2251 loci
1390 2219 1561 2251 conventui
