1820 2548
247 151 310 182 992

249 305 343 338 Salva
370 309 478 338 tamen
504 305 595 338 nobis
618 307 649 337 et
674 304 844 337 heredibus
871 305 986 337 nostris
1008 305 1213 348 jurisdicione
1236 305 1395 338 curiarum
1417 308 1597 340 nostrarum
1627 307 1662 340 in

205 374 355 406 maneriis
370 373 484 406 nostris
499 373 644 416 propriiS,
660 376 690 405 et
707 372 765 404 hoc
781 373 821 404 de
836 372 1020 405 tenentibus
1036 373 1151 405 nostris
1166 374 1200 405 in
1215 374 1334 405 eisdem
1349 375 1499 406 maneriis
1513 375 1553 407 de
1567 375 1662 408 rebus

206 454 242 474 ao
256 442 381 484 placitis
396 441 431 473 in
447 441 565 473 eisdem
581 441 674 473 curiis
690 441 728 472 de
744 440 816 482 jure
831 440 1034 482 placitandis‚
1051 441 1198 474 videlicet
1212 442 1290 474 talia
1309 442 1426 484 placita
1441 443 1549 484 qualia
1562 442 1662 476 libere

206 512 351 542 tenentes
365 509 465 542 nostri
479 510 514 541 in
530 509 594 541 suis
609 509 703 541 curiis
718 509 868 551 placitare
890 512 1031 551 possunt,
1047 509 1134 541 salva
1149 509 1245 542 etiam
1269 510 1303 542 in
1327 521 1338 552 J
1344 510 1533 542 urisdieione
1554 511 1661 554 cujus-

205 576 283 610 libet
298 576 390 609 liberi
412 576 550 608 hominis
565 577 604 608 de
620 576 684 608 suis
699 576 884 608 tenentibus
905 577 944 608 de
961 576 1022 608 hijs
1038 588 1098 619 que
1113 577 1148 609 in
1164 578 1258 609 curiis
1273 578 1338 610 suis
1352 578 1503 620 placitare
1517 581 1659 621 possunt.

206 645 309 678 Salvis
335 645 480 677 similiter
502 644 637 687 querelis
663 656 725 686 que
749 644 801 676 die
827 644 970 677 Marchie
994 645 1078 678 inter
1104 650 1203 678 terras
1225 646 1344 678 vicinas
1368 647 1407 678 de
1434 647 1662 680 consuetudine

205 713 371 745 terminari
387 712 513 745 debent.

248 793 480 836 Inquisiciones
489 805 562 826 vero
577 793 879 826 indictamentorum
895 805 950 826 seu
961 795 1212 836 presentaoiones
1227 795 1260 826 in
1276 795 1528 838 quibuscumque
1539 795 1662 828 casibus

203 863 243 895 de
267 863 367 895 officio
391 863 598 905 imposterum
622 862 789 904 capiantur
815 863 849 894 in
876 862 1000 894 duobus
1028 862 1229 895 comitatibus
1251 888 1423 895 ......
1447 864 1596 896 videlicet
1620 865 1663 897 ad

204 931 386 974 proximum
413 933 483 973 post
498 930 621 962 Pascha
636 934 668 962 et
689 931 730 962 ad
746 931 927 972 proximum
942 933 1013 972 post
1028 930 1147 963 festum
1163 930 1273 964 Sancti
1287 931 1443 964 Hmum
1459 935 1492 964 et
1505 943 1572 964 non
1586 932 1664 965 alibi

202 1000 236 1031 in
252 999 355 1042 patria
370 999 431 1031 nisi
454 1010 511 1041 pro
534 999 693 1040 presentia
713 999 851 1041 corporis
869 999 1042 1038 interfecti,
1059 1002 1183 1031 recente
1198 999 1320 1032 roberio
1335 1001 1501 1033 duodecim
1516 1001 1663 1034 denarios

203 1068 384 1106 excedente,
397 1067 544 1099 incendio
556 1068 723 1099 domorum
738 1078 793 1108 per
809 1067 973 1106 feloniam,
986 1067 1142 1100 fraccione
1158 1068 1324 1100 domorum
1335 1080 1391 1111 per
1402 1069 1555 1101 feloniam
1566 1069 1661 1109 facte„

203 1135 350 1168 thesauro
367 1135 507 1174 invento,
524 1138 556 1166 et
571 1146 687 1166 wrecco
707 1135 812 1174 maris,
829 1146 890 1177 que
913 1146 986 1166 cum
1010 1135 1180 1167 acciderint
1201 1136 1311 1168 statim
1332 1137 1413 1168 fiant
1433 1137 1509 1169 inde
1529 1137 1663 1179 inquisi-

203 1204 316 1243 eiones,
333 1209 363 1235 et
380 1203 439 1235 hoc
454 1209 528 1235 ante
544 1203 726 1245 proximum
742 1204 929 1235 comitatum
946 1206 1129 1245 sequentem
1143 1204 1330 1246 hujusmodi
1344 1208 1504 1244 eventum,
1521 1205 1663 1247 alioquin

205 1272 266 1304 nisi
281 1272 315 1303 in
332 1272 485 1304 comitatu
501 1272 632 1304 minime
649 1272 824 1314 capiantur.

247 1352 367 1385 Nullus
391 1353 488 1384 etiam
510 1352 769 1391 constabularius,
797 1353 964 1394 portarius,
987 1352 1185 1391 carcerarius,
1204 1364 1259 1384 seu
1282 1353 1363 1385 alius
1383 1354 1528 1386 minister
1547 1356 1664 1394 noster,

205 1421 309 1463 capiat
332 1421 446 1452 amodo
474 1420 608 1452 feudum
635 1420 775 1462 aliquem
799 1421 837 1452 de
863 1421 1081 1462 imprisonatis
1104 1420 1365 1464 quibuscumque,
1389 1422 1451 1454 nisi
1481 1422 1516 1454 in
1541 1421 1665 1455 casibus

206 1489 332 1528 felonie,
363 1492 410 1521 set
439 1500 498 1521 nec
534 1494 611 1521 tunc
642 1489 773 1531 quidem
799 1490 861 1521 nisi
891 1501 947 1532 per
986 1501 1085 1522 unam
1114 1493 1239 1522 noctem
1267 1489 1301 1521 in
1331 1490 1459 1532 prisona
1487 1493 1597 1522 nostra
1624 1490 1665 1523 de

207 1557 406 1590 Svnmzszn
422 1568 544 1589 moram
559 1557 678 1589 fecerit.

251 1638 296 1670 Et
316 1638 389 1670 licet
409 1638 528 1680 pluries
546 1638 661 1680 aliquis
681 1638 884 1680 replegietur,
901 1640 958 1670 aut
974 1638 1216 1680 manucapiatur
1231 1641 1263 1670 et
1280 1638 1314 1670 in
1335 1638 1463 1680 prisona
1477 1641 1665 1678 retornetur,

209 1707 287 1738 dum
309 1709 416 1738 tamen
442 1706 482 1738 sit
509 1717 566 1748 pro
591 1707 702 1738 eodem
729 1707 824 1745 facto,
850 1707 947 1738 semel
969 1707 1193 1739 tantumodo
1219 1706 1350 1738 feodum
1373 1707 1523 1745 solvatur,
1548 1706 1667 1740 scilicet

211 1777 347 1816 quatuor
369 1774 522 1805 denarios.

253 1853 426 1886 Tolnetum
445 1865 518 1886 vero
536 1865 602 1886 non
625 1854 773 1896 exigatur
795 1855 938 1887 decetero
958 1854 999 1887 ab
1022 1855 1129 1897 aliquo
1146 1854 1274 1887 homine
1297 1866 1354 1897 pro
1370 1855 1556 1887 vendicione
1569 1855 1667 1895 bladi,

210 1933 268 1954 neo
290 1922 433 1964 capiatur
455 1922 517 1953 nisi
540 1921 637 1954 fuerit
659 1926 814 1954 mercator
837 1923 1022 1955 communis.
1068 1922 1114 1955 Et
1136 1923 1222 1965 quod
1243 1922 1433 1955 rationabile
1454 1923 1613 1955 tolnetum
1631 1923 1667 1955 in

211 1990 298 2022 omni
321 2001 395 2022 casu
417 1990 554 2021 donetur
575 1991 616 2022 de
638 1990 700 2022 hiis
721 1990 775 2032 qui
797 1990 956 2023 tolnetum
979 1991 1054 2023 dare
1076 1990 1194 2023 debent
1214 1991 1387 2023 secundum
1407 1991 1668 2023 consuetudinem

209 2058 327 2101 Regni.
384 2057 454 2090 Nec
476 2058 684 2100 imposterum
713 2059 857 2101 capiatur
884 2059 1042 2091 tolnetum
1066 2059 1106 2091 de
1131 2059 1239 2101 aliquo
1264 2059 1478 2101 predictorum
1501 2058 1668 2091 hominum

210 2127 251 2159 ad
279 2126 441 2158 nundinas
465 2126 505 2158 de
535 2125 741 2158 Lozcmzmm
771 2128 832 2159 nisi
858 2128 899 2160 de
928 2127 990 2160 hiis
1015 2127 1070 2170 qui
1095 2127 1172 2159 alibi
1197 2127 1232 2159 in
1258 2127 1362 2169 patria
1387 2127 1427 2159 de
1451 2127 1524 2169 jure
1549 2127 1669 2160 solvere

212 2197 371 2228 tenentur.
