1820 2548
1538 159 1600 190 747

787 314 1037 348 DCLXXXII.

179 413 318 452 JOHN,
350 412 438 445 SON
466 411 525 444 OF
551 409 724 443 HENRY
750 409 809 441 OF
837 408 1079 447 ENGLAND,
1108 406 1416 443 QUIT-OLAIMS
1437 406 1647 439 AMANSE

466 479 520 512 IN
557 478 788 511 LANDOOH
820 477 878 510 ΤΟ
917 477 1035 509 MILO
1066 476 1131 508 DE
1169 475 1365 508 REYGNI.

681 566 785 609 [Ano.
812 566 987 603 CHARTmz,
1012 563 1157 606 24,282.]

227 658 337 690 Sciant
353 658 514 698 presentes
530 658 561 687 et
577 654 681 686 futuri
697 653 782 696 quod
795 665 855 695 ego
871 653 892 685 J
895 663 1052 684 OHANNES
1070 652 1156 684 filius
1179 651 1335 683 Hmmm
1352 651 1391 682 de
1414 650 1553 682 Axomis
1577 649 1652 680 dedi

185 726 320 758 concessi
343 728 375 757 et
395 725 454 756 hac
478 723 618 766 presenti
640 727 727 755 carta
748 733 820 754 mea
844 721 1027 753 confirmavi
1050 724 1081 752 et
1104 732 1161 762 pro
1184 731 1234 751 me
1259 722 1291 751 et
1309 731 1366 761 pro
1381 718 1552 751 heredibus
1574 717 1653 749 meis

185 794 334 827 omnibus
349 794 494 836 quietum
510 791 645 824 clamavi
660 791 793 823 Mam-1
810 791 849 821 de
866 790 1005 821 Rssmm
1021 792 1054 821 et
1068 789 1239 820 heredibus
1254 789 1319 820 suis
1334 787 1385 819 vel
1405 787 1575 829 assignatis
1590 786 1655 818 suis

185 866 290 896 totum
305 863 359 904 jus
374 873 483 894 meum
498 864 530 893 et
545 861 703 892 olameum
718 860 804 901 quod
819 859 919 892 habui
935 859 985 890 vel
998 859 1083 900 quod
1098 857 1214 890 habere
1230 857 1321 899 potui
1336 857 1371 888 in
1388 857 1527 898 quodam
1542 866 1654 887 manso

186 943 259 963 cum
288 929 490 973 pertinentiis
521 929 556 961 in
591 929 759 960 Lis-noca
789 927 914 970 jacente
945 927 1122 969 proximius
1151 926 1310 957 mansioni
1341 925 1559 957 WENTLIANE
1591 924 1656 955 filie

188 999 351 1032 Pfflmrm
364 999 394 1030 le
404 998 533 1030 wan
550 997 647 1029 amite
659 1008 738 1031 mee,
755 999 787 1028 et
803 997 837 1028 in
853 995 977 1028 duabus
988 1007 1074 1027 acras
1087 999 1168 1027 terre
1181 1005 1253 1026 cum
1269 994 1334 1026 suis
1344 993 1546 1035 pertinentiis
1561 993 1656 1034 juxta

186 1072 305 1100 terram
328 1068 411 1099 dicte
436 1067 655 1099 WENTLIANE
677 1066 712 1097 in
728 1066 822 1097 feodo
845 1065 885 1096 de
908 1064 1074 1096 LANDOCH
1090 1075 1147 1105 pro
1163 1052 1287 1094 duabus
1302 1062 1417 1094 marcis
1432 1061 1558 1104 argenti
1579 1071 1658 1103 quas

185 1137 289 1169 dictus
308 1136 402 1168 MILO
418 1135 498 1167 mihi
510 1135 643 1166 donavit
654 1133 868 1176 premanibus.
915 1133 1105 1165 Tenendum
1121 1135 1153 1164 et
1162 1132 1347 1163 habendum
1358 1134 1464 1162 totum
1475 1131 1656 1172 predictum

186 1216 335 1238 mansum
362 1216 436 1237 cum
461 1204 554 1236 dictis
578 1203 702 1235 duabus
731 1203 810 1235 acris
836 1207 920 1234 terre
947 1213 1018 1233 cum
1049 1202 1113 1233 suis
1142 1201 1345 1243 pertinentiis
1374 1204 1431 1242 pro
1462 1211 1513 1231 me
1540 1203 1571 1230 et
1602 1210 1658 1240 pro

188 1274 358 1307 heredibus
381 1274 460 1306 meis
482 1273 534 1305 vel
556 1272 728 1315 assignatis
750 1271 893 1314 predicto
916 1270 1047 1302 Mnmu
1072 1275 1103 1301 et
1133 1269 1304 1302 heredibus
1328 1268 1392 1301 suis
1416 1268 1465 1300 vel
1489 1267 1659 1310 assignatis

188 1343 286 1376 libere
299 1342 405 1384 quiete
423 1341 552 1384 pacifice
563 1341 689 1383 integre
701 1340 774 1383 jure
789 1339 982 1372 hereditario
999 1339 1066 1370 sine
1081 1339 1189 1380 aliqua
1205 1338 1458 1370 contradiccione
1474 1337 1592 1368 clameo
1608 1336 1659 1367 vel

187 1412 416 1453 impedimento
441 1410 504 1442 mei
528 1410 578 1442 vel
593 1420 737 1441 meorum
760 1410 1006 1451 imperpetuum.
1054 1407 1232 1439 Reddendo
1255 1408 1330 1438 inde
1346 1406 1514 1438 annuatim
1530 1405 1658 1437 domino

187 1481 273 1512 feodi
297 1484 435 1522 quatuor
459 1479 606 1511 denarios
628 1478 755 1520 argenti
778 1479 818 1509 ad
845 1478 924 1509 duos
947 1477 1024 1508 anni
1046 1476 1199 1508 terminos
1221 1475 1368 1507 videlieet
1392 1475 1433 1506 ad
1456 1474 1660 1506 nativitatem

187 1549 274 1581 beati
286 1548 308 1581 J
311 1559 461 1580 onANNJS
477 1547 646 1579 BAPTISTE
663 1558 702 1578 1J.
717 1547 864 1578 denarios
879 1548 911 1578 et
926 1546 967 1577 ad
985 1546 1104 1577 festum
1119 1544 1229 1577 Sancti
1245 1544 1441 1576 MicHAEms
1458 1554 1496 1575 15.
1514 1542 1661 1575 denarios

189 1628 246 1659 pro
262 1617 410 1649 omnibus
425 1616 564 1648 serviciis
586 1615 872 1648 consuetudinibus
886 1615 1023 1657 querelis
1039 1614 1124 1646 curie
1139 1613 1231 1645 sectis
1253 1613 1369 1644 wardjs
1383 1612 1508 1644 releviis
1531 1611 1661 1643 herietis

189 1686 319 1718 eseaetis
341 1688 374 1718 et
396 1684 544 1717 omnibus
559 1685 631 1716 aliis
649 1684 843 1716 secularibus
865 1683 1032 1715 demendis
1055 1694 1116 1725 que
1139 1694 1196 1725 pro
1216 1685 1302 1713 terra
1318 1682 1492 1724 exiglmtur
1508 1681 1557 1712 vel
1574 1680 1660 1722 exigi

190 1756 350 1796 poterunt.
397 1753 443 1785 Et
459 1765 518 1796 ego
533 1753 696 1796 predictus
713 1753 735 1786 J
738 1764 896 1785 onANNEs
911 1753 996 1784 filius
1012 1752 1089 1784 dicti
1105 1751 1260 1783 Hssxmm
1277 1752 1316 1783 de
1332 1751 1471 1782 ANGLIA
1484 1753 1515 1782 et
1530 1749 1662 1782 heredes

190 1823 254 1854 mei
270 1823 319 1854 vel
336 1822 491 1865 assignati
500 1825 605 1854 totum
617 1822 799 1864 predictum
810 1822 864 1864 jus
876 1826 907 1854 et
921 1822 1078 1854 clameum
1090 1821 1124 1853 in
1137 1821 1278 1863 predicto
1290 1831 1401 1851 manso
1414 1822 1445 1852 et
1460 1819 1495 1851 in
1510 1819 1661 1861 predictis

187 1891 313 1923 duabus
335 1891 415 1922 acris
437 1893 519 1922 terre
542 1902 615 1922 cum
638 1891 703 1923 suis
727 1891 930 1933 pertinentiis
955 1891 1051 1922 simul
1074 1902 1146 1922 cum
1162 1889 1310 1921 omnibus
1326 1888 1604 1920 commoditatibus
1620 1888 1660 1920 de

188 1959 275 1992 dicta
287 1964 370 1991 terra
382 1959 579 2001 inposterum
590 1959 781 1991 exeuntibus
794 1960 969 1991 secundum
980 1959 1066 2001 quod
1078 1958 1259 1990 HEchcs
1271 1958 1310 1989 de
1319 1957 1459 1989 Axcm
1469 1959 1560 1999 pater
1571 1968 1661 1989 meus

187 2028 294 2070 ipsum
310 2039 367 2070 per
381 2030 503 2059 cartam
519 2038 609 2059 suam
625 2027 772 2060 feoffavit
787 2028 930 2070 predicto
952 2027 1083 2059 Minox]
1101 2031 1133 2058 et
1149 2026 1319 2058 heredibus
1334 2025 1399 2057 suis
1414 2026 1464 2057 vel
1488 2025 1660 2068 assignatis

189 2097 253 2128 suis
263 2099 372 2128 eontra
383 2107 492 2128 omnes
501 2096 645 2128 homines
653 2099 684 2128 et
694 2096 832 2128 feminas
844 2096 1121 2128 warentizabimus
1130 2094 1382 2137 acquietabimus
1392 2098 1423 2126 et
1433 2094 1660 2136 inperpetuum

189 2164 408 2197 defendemus.
456 2164 503 2197 Et
520 2167 558 2197 ut
573 2164 631 2197 hec
647 2176 718 2197 mea
735 2165 869 2197 donacio
885 2165 1042 2197 concessio
1057 2168 1089 2196 et
1105 2164 1259 2207 presentis
1275 2166 1360 2195 carte
1374 2174 1444 2195 mee
1460 2162 1660 2195 confirmacio

182 2235 220 2266 et
234 2244 292 2275 pro
315 2245 366 2266 me
388 2236 420 2265 et
444 2245 501 2276 pro
524 2233 696 2266 heredibus
723 2233 834 2277 [meis]
863 2234 1008 2276 quietum
1032 2233 1182 2265 clamucio
1204 2235 1357 2274 perpetue
1379 2231 1540 2264 firmitatis
1562 2230 1660 2263 robur
