1820 2548
219 168 282 199 998

180 323 404 364 claudendum,
420 327 453 356 et
475 325 661 363 ardendmn,
678 327 710 356 et
732 325 774 356 ad
798 324 905 356 omnia
930 325 1108 357 necessaria
1131 337 1189 358 sua
1215 325 1361 358 facienda
1385 329 1417 359 et
1443 326 1640 369 complenda,

178 396 283 434 preter
298 392 487 424 donaciones
506 395 537 424 et
558 393 759 425 vendiciones
781 393 852 424 aliis
875 404 971 435 quam
994 393 1054 425 sibi
1077 393 1154 436 ipsis
1178 394 1233 436 qui
1257 394 1291 425 in
1315 394 1409 426 dictis
1432 394 1533 427 boscis
1556 405 1639 427 com-

180 460 341 492 municare
357 460 483 499 debent,
500 464 529 493 et
547 461 605 493 hoc
620 472 676 502 per
694 461 799 492 visum
822 460 978 493 forestarii
1001 462 1111 500 nostri,
1133 462 1159 494 si
1181 473 1309 504 presens
1331 462 1439 501 fuerit,
1461 462 1510 494 sin
1533 464 1641 495 autem

180 532 327 560 eometur
353 530 410 560 ter¹
437 528 477 560 ab
503 529 571 571 ipso
598 529 653 571 qui
680 528 844 570 quodlibet
866 529 1076 561 necessarium
1099 529 1133 561 in
1156 529 1248 561 dictis
1270 529 1370 562 boscis
1391 541 1521 572 querere
1541 529 1640 570 venit,

181 597 266 637 quod
283 597 308 627 si
324 608 421 628 cornu
437 608 500 628 non
520 596 666 629 habuerit
684 622 689 628 .
707 596 810 629 tribus
828 597 949 629 vicibus
972 597 1116 630 arborem
1138 609 1211 629 cum
1233 598 1334 630 securi
1355 599 1563 640 percuciendo
1585 609 1642 640 per

182 675 303 696 moram
327 665 422 696 unius
444 665 530 697 leuce
556 665 713 697 forestarii
738 665 912 697 adventum
937 668 1091 708 expectet,
1115 668 1146 698 et
1172 666 1198 698 si
1224 666 1353 698 interim
1384 677 1448 698 non
1477 665 1643 698 advenerit

181 732 266 764 licite
281 733 384 775 capiat
405 734 490 775 quod
512 734 571 766 sibi
594 733 748 775 placitum
770 735 803 765 et
825 734 1035 766 necessarium
1060 734 1157 766 fuerit
1181 733 1299 776 absque
1325 734 1508 777 calumpnia
1534 734 1641 777 cujus-

181 812 316 843 cumque
331 801 382 833 vel
397 802 634 843 impedimento.

224 869 294 902 Nos
318 881 390 902 vero
414 870 554 909 heredes,
578 873 610 902 et
636 870 790 912 assignati
816 870 916 902 nostn'
942 870 1084 912 predicta
1112 871 1265 903 estoveria
1291 870 1494 903 rationabilia
1524 871 1643 903 eisdem

181 938 417 977 successoribus,
447 938 626 978 heredibus,
657 940 689 970 et
718 949 828 970 eorum
857 938 1038 981 assignatis,
1065 941 1174 971 contra
1204 949 1312 971 omnes
1341 939 1491 971 mortales
1520 950 1640 971 waran-

181 1006 349 1039 tizabimus
365 1008 598 1050 inperpetuum.

224 1075 434 1107 Concedimus
449 1075 547 1107 etiam
562 1075 680 1107 eisdem
699 1075 835 1107 liberum
858 1075 1036 1117 ingressum
1059 1077 1092 1106 et
1114 1085 1275 1117 egressum
1297 1086 1370 1107 cum
1392 1075 1642 1117 quibuscumque

180 1144 372 1177 animalibus
394 1148 426 1176 et
448 1144 602 1176 vehiculis
625 1155 690 1176 una
713 1155 786 1175 cum
808 1143 868 1175 viis
893 1142 1145 1185 competentibus
1168 1142 1286 1185 ubique
1310 1143 1345 1175 in
1369 1143 1466 1175 vastis
1490 1145 1522 1175 et
1546 1143 1644 1175 moris

180 1213 295 1245 nostris
310 1213 448 1255 exceptis
463 1212 566 1245 bladis
581 1215 613 1244 et
629 1212 728 1254 pratis
743 1213 784 1244 ad
800 1211 974 1244 necessaria
988 1222 1045 1244 sua
1059 1211 1202 1254 predicta
1217 1211 1250 1243 in
1266 1211 1399 1254 prefatis
1413 1211 1514 1244 boscis
1527 1212 1644 1244 nostris

181 1282 352 1323 querenda,
369 1281 532 1323 capienda,
549 1283 581 1312 et
596 1280 793 1312 abducenda.

223 1349 382 1383 Volumus
397 1350 544 1382 similiter
562 1352 594 1382 et
616 1349 816 1381 concedimus
838 1359 896 1390 pro
918 1347 1010 1380 nobis
1032 1350 1064 1379 et
1087 1347 1256 1380 heredibus
1278 1348 1394 1380 nostris
1417 1350 1449 1380 et
1473 1348 1643 1390 assignatis

181 1418 266 1460 quod
289 1419 542 1460 quandocunque
565 1428 632 1457 nos,
655 1417 787 1449 heredes
813 1416 864 1448 vel
890 1416 1046 1458 assignati
1072 1416 1183 1455 nostri,
1208 1415 1347 1457 aliquem
1373 1416 1543 1448 articulum
1572 1426 1642 1458 pre-

180 1486 347 1517 missorum
370 1497 569 1528 quacumque
592 1488 659 1517 arte
682 1485 732 1517 vel
755 1484 886 1527 ingenio
912 1483 1136 1516 violaverimus
1163 1486 1272 1515 contra
1299 1483 1399 1515 dictas
1429 1485 1642 1516 concessiones

181 1554 232 1586 vel
247 1553 409 1586 libertates
424 1556 480 1585 aut
496 1554 739 1586 consuetudines
755 1564 809 1584 seu
824 1552 952 1584 illarum
969 1552 1076 1594 aliqua
1094 1551 1128 1583 in
1150 1562 1348 1594 quocumque
1371 1552 1504 1584 articulo
1526 1554 1644 1584 temere

183 1622 349 1661 veniendo,
366 1622 494 1654 domino
511 1621 596 1663 Regi
611 1622 750 1653 ANGLOE
766 1621 800 1652 in
816 1620 1002 1663 quingentis
1017 1619 1106 1652 libris
1129 1619 1256 1662 argenti
1277 1620 1406 1652 nomine
1428 1620 1502 1662 puri
1520 1619 1643 1659 debiti?

184 1701 306 1722 necnon
329 1690 380 1722 cui
402 1690 453 1722 vel
477 1689 591 1732 quibus
614 1701 652 1721 ex
675 1688 858 1721 hominibus
880 1688 1030 1730 predictis
1052 1690 1109 1720 aut
1131 1687 1300 1720 heredibus
1322 1699 1431 1720 eorum
1453 1687 1645 1730 injuriatum

184 1758 281 1790 fuerit
305 1761 414 1790 eontra
436 1757 591 1800 presentis
613 1759 697 1789 carte
722 1760 865 1789 tenorem
889 1756 923 1788 in
947 1756 1018 1788 aliis
1043 1755 1227 1798 quingentis
1251 1755 1341 1788 libris
1364 1755 1491 1798 argenti
1515 1755 1645 1788 nomine

184 1827 256 1869 pun·
281 1826 390 1867 debiti,
415 1826 574 1859 solvendis
600 1837 665 1857 una
691 1837 763 1857 cum
789 1825 938 1867 dampnis
963 1824 1023 1856 sibi
1049 1824 1273 1867 adjudicandis
1299 1824 1472 1856 secundum
1501 1823 1645 1866 parcium

184 1895 313 1927 illarum
350 1895 613 1927 consuetudinem
649 1894 735 1926 infra
774 1893 944 1925 dimidium
985 1903 1107 1925 annum
1146 1903 1165 1924 a
1205 1895 1347 1935 tempore
1387 1891 1646 1935 transgressionis

184 1963 357 2002 commisse,
396 1963 681 2005 quocienscumque
715 1962 884 1994 fecerimus
915 1961 965 1993 vel
994 1960 1291 2003 attemptaverimus
1328 1960 1499 2002 quicquam
1535 1962 1645 1992 contra

184 2031 344 2074 premissa,
375 2033 432 2063 aut
467 2041 575 2063 eorum
605 2030 722 2072 aliqua,
753 2041 811 2062 nos
841 2032 873 2062 et
902 2029 1033 2061 heredes
1062 2030 1186 2061 nostros
1215 2030 1324 2060 tenore
1353 2028 1509 2070 presentis
1536 2027 1646 2071 scripti

184 2099 329 2131 volumus
345 2102 377 2131 et
393 2098 594 2131 concedimus
609 2098 745 2141 obligari
761 2100 793 2130 et
808 2097 920 2130 teneri.

223 2167 383 2199 Volumus
397 2167 527 2209 insuper
542 2169 574 2198 et
589 2166 791 2199 concedimus
805 2177 863 2208 pro
885 2165 977 2198 nobis
1000 2168 1031 2197 et
1054 2164 1223 2197 heredibus
1245 2164 1361 2197 nostris
1383 2165 1469 2207 quod
1492 2163 1644 2196 cancella-

178 2235 263 2268 tura³
287 2235 321 2267 in
356 2237 470 2277 quarta
493 2239 525 2267 et
548 2235 646 2267 tercia
669 2235 757 2267 linea
784 2234 926 2277 superius
951 2233 1037 2266 facta
1064 2244 1173 2265 necnon
1199 2233 1302 2275 primo
1332 2243 1432 2275 usque
1461 2233 1504 2264 ad
1532 2242 1644 2264 necnon

182 2304 318 2336 secundo
333 2303 464 2336 minime
479 2303 619 2345 presenti
634 2305 719 2335 carte
734 2307 847 2335 noceat
863 2305 920 2335 aut
934 2301 1153 2345 prejudicialis
1168 2301 1202 2333 in
1218 2300 1326 2343 aliquo
1340 2300 1505 2332 afficiatur.
