1820 2548
192 178 254 209 790

762 357 993 390 DCCXXIII.

149 438 408 471 MORTGAGE
461 438 525 471 BY
570 438 728 471 ROGER
776 438 837 470 LE
890 437 1112 470 HASTARE
1165 438 1223 470 OF
1268 438 1504 477 KENEFEG,
1550 439 1608 471 OF

259 506 340 539 HIS
379 506 542 539 WIFE’S
581 506 712 539 LAND
755 506 817 539 AT
855 506 1090 546 GOYLAKE,
1129 506 1221 539 FOR
1259 506 1415 539 FORTY
1454 506 1609 539 YEARS

260 575 317 607 TO
357 575 563 607 MARGAM
602 575 773 607 ABBEY.

605 656 736 699 [Ham.
761 656 936 695 CHARTER,
960 657 1000 687 75
1024 655 1059 688 G.
1085 657 1148 695 17.]

643 725 782 756 SUNDAY
806 735 914 756 AFTER
937 724 1131 756 EPIPHANY.
1181 725 1219 755 12
1242 724 1322 756 Jm.
1371 725 1564 756 1276-1277.

691 807 1064 837 οῖῐιοοιιΑΡΗῐηιι.ι

191 873 263 905 Hec
278 878 325 905 est
347 874 513 906 conventio
530 874 615 906 facta
635 874 719 906 inter
742 873 912 906 Rom-:mm
936 874 1056 905 dictum
1080 884 1121 905 LE
1145 873 1308 906 HASTARE
1329 875 1368 906 de
1385 874 1553 906 KENEFEG
1570 885 1609 906 ex

147 947 236 983 parte
253 953 317 974 una
333 945 365 974 et
380 942 528 974 abbatem
544 946 575 974 et
592 945 784 974 conventum
800 943 839 973 de
855 941 1008 973 MARGAN
1031 953 1069 973 ex
1086 941 1186 973 altera
1202 967 1208 973 .
1226 941 1374 973 videlicet
1397 943 1481 983 quod
1506 942 1609 974 dictus

148 1010 307 1042 Boc-‚anns
331 1011 359 1041 le
384 1010 545 1042 HASTARE
568 1011 698 1042 consilio
721 1014 753 1042 et
775 1010 875 1042 libera
897 1010 1061 1042 voluntate
1083 1010 1206 1041 Amcm
1230 1010 1338 1042 uxoris
1361 1021 1415 1041 sue
1440 1036 1446 1042 .
1470 1021 1554 1042 anno
1569 1010 1610 1042 ab

148 1079 366 1110 incarnacione
391 1078 522 1109 Domini
545 1084 590 1109 Μολ
616 1084 670 1109 cc0·
698 1079 930 1120 septuagesimo
954 1081 1042 1109 sexto
1067 1103 1072 1109 .
1098 1077 1160 1109 Die
1181 1077 1352 1109 Dominioa
1376 1078 1461 1110 infra
1485 1077 1610 1110 octabas

150 1147 349 1178 Emmmm
373 1147 549 1178 invadiavit
572 1147 652 1178 duas
675 1157 761 1177 acras
784 1150 866 1178 terre
889 1157 944 1178 sue
966 1145 1116 1177 arabilis.
1135 1157 1213 1187 quas
1236 1157 1308 1177 cum
1331 1146 1472 1187 predicta
1487 1146 1610 1178 ALlciA

149 1226 245 1246 uxore
269 1227 325 1246 sua
348 1215 467 1256 accepit
485 1241 490 1246 .
508 1215 637 1246 domino
661 1214 769 1246 abbati
792 1223 821 1245 et
846 1214 1016 1246 conventui
1039 1214 1078 1245 de
1100 1214 1253 1246 MARGAN
1277 1225 1333 1255 per
1353 1214 1495 1255 spacium
1511 1215 1609 1256 quad-

148 1284 275 1324 raginta
298 1294 455 1315 annorum
478 1283 621 1324 proximo
651 1283 853 1324 sequentium
878 1307 884 1313 .
909 1294 965 1324 pro
995 1282 1230 1324 quinquaginta
1256 1282 1363 1313 solidis
1394 1281 1549 1314 bonorum
1579 1285 1610 1314 et

148 1351 300 1392 legalium
323 1351 549 1393 sterlingorum
572 1363 650 1393 quos
669 1351 710 1383 ab
733 1351 851 1382 eisdem
872 1351 912 1381 ad
928 1350 1186 1392 urgentissimam
1202 1350 1420 1382 necessitatem
1435 1352 1503 1381 tam
1519 1361 1610 1382 suam

147 1430 244 1461 quam
261 1420 399 1461 predicte
414 1420 537 1451 ALchE
554 1419 661 1451 uxoris
678 1431 732 1451 sue
750 1419 867 1461 accepit
884 1419 1011 1460 quando
1034 1418 1134 1450 dietas
1150 1419 1229 1450 duas
1245 1429 1331 1450 acras
1346 1418 1409 1450 illis
1424 1418 1608 1450 invadiavit.

147 1487 218 1521 Que
241 1488 336 1519 simul
358 1488 466 1529 jacent
489 1488 573 1519 inter
596 1492 711 1519 ten-am
736 1500 796 1529 que
821 1492 867 1518 est
890 1487 1057 1518 MAuumu
1083 1486 1226 1518 GRAMUS
1249 1499 1287 1519 ex
1309 1490 1398 1528 parte
1414 1487 1560 1519 orientali
1576 1488 1610 1518 in

148 1556 318 1587 latitudine
336 1581 341 1586 .
360 1558 390 1587 et
407 1559 523 1587 terram
548 1556 762 1597 predictorum
783 1555 1010 1587 monachorum
1032 1556 1071 1586 de
1095 1555 1247 1587 MARGAN
1267 1581 1272 1586 .
1295 1558 1327 1587 et
1349 1556 1383 1586 in
1407 1555 1612 1598 longitudine

148 1623 306 1665 incipiunt
321 1635 340 1655 a
357 1623 521 1655 GOYLAKE
538 1627 569 1655 et
585 1625 764 1655 extendunt
780 1635 812 1654 se
828 1624 868 1655 ad
884 1624 968 1655 viam
992 1624 1132 1666 regalem
1148 1635 1209 1665 que
1225 1624 1315 1655 vadit
1329 1624 1368 1654 de
1386 1623 1553 1655 KENEFEG
1569 1624 1611 1655 ad

150 1702 272 1723 moram
287 1703 495 1723 communem.
543 1692 596 1723 Ita
619 1693 704 1733 quod
727 1695 796 1733 post
820 1692 997 1733 predictum
1018 1692 1158 1733 spacium
1178 1692 1390 1733 quadraginta
1406 1703 1562 1724 annorum
1585 1692 1611 1724 si

150 1760 216 1801 ipse
232 1760 391 1801 predictus
408 1759 569 1791 Roomzcs
584 1760 633 1791 vel
650 1760 765 1801 aliquis
780 1760 933 1792 heredum
954 1759 1092 1801 predicte
1107 1759 1231 1791 ALlcuz
1254 1760 1361 1791 uxoris
1376 1771 1431 1792 sue
1448 1785 1454 1791 .
1472 1761 1511 1792 de
1526 1760 1611 1792 dicta

151 1828 285 1869 pecunia
306 1828 398 1869 plene
421 1828 606 1860 satisfecerit
629 1828 748 1859 eisdem
770 1828 920 1870 predictis
942 1827 1104 1859 monachis
1129 1853 1135 1859 .
1161 1828 1261 1859 dictas
1284 1828 1362 1859 duas
1382 1839 1468 1860 acras
1483 1827 1610 1869 pacifice

152 1896 291 1937 recipiat.
339 1896 503 1930 Quamdiu
519 1907 591 1928 vero
607 1896 708 1928 dictas
728 1897 807 1928 duas
822 1908 908 1928 acras
924 1896 1056 1938 predicti
1079 1896 1227 1927 monachi
1250 1896 1412 1928 tenuerint
1429 1921 1434 1926 .
1452 1907 1508 1937 pro
1523 1896 1611 1928 omni

152 1965 282 1996 servicio
304 1990 310 1995 .
335 1965 498 1996 exactione
522 1989 529 1996 .
554 1968 584 1995 et
608 1964 740 1996 seculari
763 1965 921 1996 demanda
946 1990 951 1995 .
977 1965 1056 1996 duos
1079 1964 1224 1996 denarios
1246 1975 1302 2006 pro
1325 1964 1473 2006 predictis
1488 1963 1610 1996 duabus

154 2032 233 2063 acris
266 2032 441 2064 MAcmcm
473 2032 616 2064 GRAMUS
646 2032 825 2074 persolvent
855 2033 895 2063 ad
926 2032 1043 2063 festum
1073 2031 1182 2063 Sancti
1212 2031 1407 2063 Mmmnms
1438 2056 1444 2062 .
1473 2033 1504 2063 et
1527 2031 1610 2063 dicto

158 2100 295 2131 Romzao
312 2101 361 2132 vel
376 2100 545 2132 heredibus
560 2100 684 2132 Auem
706 2101 845 2142 predicte
868 2100 975 2131 uxoris
998 2111 1052 2131 sue
1075 2100 1184 2131 eodem
1207 2099 1342 2131 termino
1357 2110 1412 2130 sex
1434 2099 1579 2131 denarios
1603 2124 1609 2130 .

154 2169 250 2200 etiam
273 2169 366 2200 annis
388 2169 532 2210 singulis.
580 2168 620 2200 In
644 2169 736 2210 cujus
766 2169 811 2200 rei
835 2168 1053 2200 testimonium
1077 2167 1151 2200 huic
1174 2167 1289 2209 scripto
1311 2167 1344 2198 iu
1367 2168 1498 2199 modum
1521 2178 1609 2208 cyro-

155 2236 269 2278 graphi
297 2236 381 2268 facto
409 2261 414 2267 .
444 2248 500 2267 sua
527 2236 632 2278 sigilla
659 2236 841 2268 alternatim
871 2238 1094 2278 apposuerunt.
1156 2235 1232 2267 Hiis
1262 2234 1395 2267 testibus
1423 2260 1430 2266 .
1459 2234 1610 2266 Httoomz
