1820 2548
1511 151 1574 182 855

151 304 326 335 seeundum
349 304 564 346 quantitatem
586 305 846 347 transgressionis
868 304 1086 337 emendabunt
1103 329 1109 336 .
1127 305 1173 337 ita
1194 304 1313 337 scilicet
1336 306 1422 348 quod
1440 317 1500 348 ego
1516 305 1619 338 GILE-

152 382 278 404 BERTUS
308 373 359 405 vel
390 372 532 405 haeredes
561 373 624 405 mei
654 373 734 405 duos
768 373 888 415 legales
922 373 1067 405 homines
1102 385 1142 405 ex
1177 373 1361 406 hominibus
1395 374 1621 416 praedietorum

152 440 382 473 monachorum
398 441 553 483 eligemus
573 442 607 473 et
628 441 707 473 dieti
728 441 877 473 monachi
900 442 980 473 duos
1002 441 1121 484 legales
1144 453 1182 474 ex
1206 442 1286 474 meis
1302 467 1309 474 .
1325 444 1363 474 ut
1385 453 1442 484 per
1463 441 1568 474 visum
1590 444 1623 474 et

153 512 387 542 sacramentum
410 521 520 542 eorum
541 509 628 542 faeta
650 510 860 553 transgressio
882 511 1079 542 emendetur.
1141 510 1176 543 Si
1199 521 1276 542 vero
1298 510 1377 542 dieti
1399 510 1547 542 monachi
1570 511 1623 543 vel

154 577 299 610 homines
315 578 363 610 sui
379 578 465 610 infra
486 580 556 610 octo
572 579 640 611 dies
654 581 691 610 ut
706 579 828 610 dietum
845 581 892 611 est
908 579 988 611 mihi
1011 579 1062 610 vel
1084 578 1264 611 hoeredibus
1279 579 1359 611 meis
1374 580 1542 611 emendam
1559 590 1623 611 non

155 646 288 679 fener-int
315 672 321 678 .
345 658 410 679 non
433 646 541 679 licebit
563 647 609 679 eis
631 647 766 679 transire
789 659 845 689 per
872 650 989 679 terram
1013 659 1118 679 meam
1142 673 1149 680 .
1173 647 1236 680 nisi
1263 659 1320 690 per
1342 648 1427 680 viam
1450 648 1591 690 regalem
1615 672 1623 681 .

154 727 318 758 quousque
341 716 422 747 mihi
448 716 498 747 vel
526 716 709 748 hominibus
735 717 814 748 meis
843 717 1019 748 seeundum
1046 716 1183 749 formam
1211 717 1398 759 praediotam
1425 717 1625 749 satisfactum

154 784 261 816 fuerit.
308 783 360 816 Do
376 784 473 816 etiam
489 785 583 816 dietis
597 785 761 817 monachis
776 787 809 817 et
824 786 961 817 oonoedo
976 785 1011 817 in
1026 797 1140 828 puram
1153 788 1185 817 et
1196 788 1384 827 perpetuam
1396 785 1603 817 elemosinam
1616 810 1623 818 .

154 855 192 885 ut
213 852 307 884 lineat
330 853 374 885 eis
396 852 495 884 libere
517 853 654 895 pisehari
677 853 796 895 absque
820 853 1049 895 impedimento
1077 854 1140 886 mei
1167 854 1218 885 vel
1242 865 1386 886 meorum
1411 879 1417 886 .
1442 866 1498 897 per
1525 857 1627 886 totam

154 933 272 964 aquam
288 922 327 953 de
343 921 493 953 EwENm
509 921 565 953 ubi
581 922 626 954 eis
640 922 796 964 placuerit
813 948 819 954 .
837 923 993 965 quamdiu
1012 924 1096 954 terra
1118 923 1248 954 illorum
1264 924 1374 954 eontra
1389 924 1507 955 terram
1523 934 1627 955 meam

155 991 311 1022 extendit.
369 990 423 1022 Ita
451 990 569 1022 scilieet
594 991 680 1032 quod.
706 1002 779 1023 cum
806 991 840 1022 in
864 991 1018 1033 praedicta
1042 1002 1125 1033 aqua
1151 991 1338 1033 pisehantur
1360 991 1515 1023 medietas
1536 992 1630 1034 pisois

155 1058 236 1090 mihi
252 1058 302 1090 vel
318 1058 499 1090 haeredibus
514 1059 594 1090 meis
609 1063 771 1091 remaneat
787 1085 792 1091 .
807 1059 908 1091 altera
924 1060 1094 1091 medietate
1107 1071 1203 1101 penes
1219 1060 1303 1102 ipsos
1318 1059 1418 1092 libera
1432 1062 1627 1092 remanente.

156 1126 202 1159 Et
217 1138 277 1169 ego
293 1130 324 1159 et
340 1127 483 1159 haeredes
506 1128 569 1159 mei
591 1128 678 1160 idem
700 1128 777 1170 ipsis
800 1128 964 1160 monachis
984 1129 1051 1160 sine
1067 1129 1317 1161 oontradietione
1333 1129 1384 1161 vel
1399 1129 1629 1171 impedimento

156 1195 310 1227 faciemus
328 1221 334 1227 .
352 1207 425 1227 oum
448 1196 482 1227 in
505 1196 591 1228 dicta
614 1208 697 1238 aqua
720 1197 856 1239 pisoha‘ci
880 1197 1047 1229 fuerimus.
1094 1197 1171 1230 Hiis
1190 1198 1325 1230 testibus
1342 1223 1349 1230 .
1366 1198 1497 1230 domino
1516 1198 1630 1230 Pmno

157 1263 336 1296 PINGERNA
351 1290 357 1295 .
372 1264 502 1296 domino
525 1264 679 1296 Rmmzno
698 1265 876 1297 Pmcmm
895 1291 901 1297 .
920 1266 1050 1297 domino
1071 1266 1233 1298 HEcho
1250 1267 1289 1298 de
1311 1266 1432 1298 Horu
1454 1266 1611 1299 militibus
1628 1293 1634 1299 .

157 1333 323 1366 JOHANNE
347 1333 463 1365 vicario
487 1334 526 1365 de
550 1333 667 1366 Sancta
690 1334 842 1366 Emeum
861 1361 867 1366 .
887 1334 1053 1366 RADULFO
1077 1336 1116 1366 de
1140 1335 1239 1367 Novo
1264 1335 1630 1367 CASTELLO.R1(:ARDO

158 1405 234 1434 tune
259 1403 422 1445 capellano
453 1403 492 1434 de
517 1402 666 1435 EWENNI
695 1430 701 1435 .
728 1403 868 1435 Roemzo
894 1405 933 1435 de
959 1404 1205 1447 BERK[R]0LES
1233 1430 1239 1436 .
1267 1404 1381 1436 PETRo
1411 1407 1488 1436 tuno
1518 1405 1629 1438 clerico

156 1471 293 1513 prioris.
312 1470 417 1502 ADAM
441 1472 480 1503 de
504 1471 766 1504 TURBERVILLA²
793 1498 799 1504 .
824 1473 990 1505 JOHANNE
1014 1474 1053 1505 de
1076 1473 1358 1505 MUDELESCUMBA
1377 1498 1383 1504 .
1401 1472 1566 1505 SYMUNDO
1589 1475 1628 1506 de

157 1539 343 1573 anon
360 1543 391 1571 et
407 1540 518 1572 multis
535 1540 615 1572 aliis.

728 1596 854 1619 Gilbertus
870 1597 899 1618 de
914 1596 1059 1619 Turbervill.

613 1690 745 1713 simundus
757 1691 786 1713 <le
797 1691 823 1713 T.
976 1692 1090 1720 Pagauus
1102 1692 1131 1714 de
1142 1692 1170 1714 T.

973 1751 1099 1773 Gilbertus
1110 1751 1139 1773 de
1151 1751 1178 1773 T.
1187 1761 1216 1770 =
1225 1751 1316 1779 Agnes.

1096 1781 1222 1833 Gilbertiis
1233 1810 1262 1832 de
1274 1810 1302 1832 T.

271 1862 307 1889 (l)
324 1862 368 1890 212„
380 1862 535 1884 Carnwanon
547 1862 665 1886 hundred.
676 1870 711 1885 co.
725 1863 892 1887 Curmarthen,
991 1865 1028 1892 (2)
1046 1864 1205 1892 Trabervilla,
1217 1864 1241 1886 in
1253 1864 1295 1886 the
1308 1864 1429 1886 reference
1442 1864 1515 1886 work.

201 1916 252 1939 The
268 1917 372 1945 original
389 1918 526 1941 document.
538 1918 668 1946 according
680 1922 705 1940 to
717 1927 730 1940 u.
744 1919 861 1947 umrginal
875 1923 942 1945 note,
955 1919 975 1941 is
992 1919 1073 1941 stated
1090 1923 1115 1941 to
1127 1919 1189 1941 have
1201 1919 1261 1941 been
1274 1919 1297 1940 in
1310 1919 1351 1940 the
1364 1918 1495 1941 Cottonian
1510 1919 1619 1950 lemry,

161 1958 218 1981 sith
229 1958 302 1982 June.
317 1960 380 1981 1654.
413 1959 437 1981 11.
450 1959 470 1980 is
483 1962 524 1981 not
536 1966 592 1981 now
604 1963 694 1982 extant
707 1961 809 1983 therein.
