1820 2548
1519 156 1581 186 735

779 443 1008 476 DCLXXIV.

155 525 385 565 WILLIAM,
414 525 502 558 SON
540 525 599 558 OF
637 524 974 557 CHRISTOPHER
1004 524 1102 556 THE
1137 523 1397 561 CHAPLAIN,
1439 523 1624 556 GRANTS

265 595 398 628 LAND
428 594 483 627 IN
513 594 611 627 THE
649 593 820 626 MANOR
852 594 911 626 OF
942 593 1088 626 DINAS
1119 592 1294 632 POWYS,
1327 592 1385 624 TO
1419 592 1624 625 WALTER

266 663 330 695 DE
369 663 579 695 RENGNY.

662 717 767 761 [ADD.
792 718 968 756 Gmmrnn,
986 717 1134 760 24‚261.]
1506 717 1583 749 S.D.

202 800 311 832 Sciant
327 803 489 843 presentes
512 802 544 832 et
566 800 669 832 futuri
692 800 778 842 quod
802 811 861 841 ego
885 799 1100 832 Wufflmms
1122 799 1207 831 filius
1226 798 1455 831 Onmsrorom
1472 799 1629 840 capellani

157 869 231 901 dedi
256 872 288 901 et
314 869 451 901 concessi
478 873 509 901 et
540 869 599 900 hac
623 869 762 911 presenti
788 872 874 900 carta
902 880 971 900 mea
999 868 1183 900 confirmavi
1210 867 1386 901 WALTERO
1412 868 1451 899 de
1478 867 1627 899 RENGNY

158 938 325 970 dimidiam
341 949 446 970 acram
470 939 555 980 prati
577 949 650 970 cum
664 938 870 979 pertinenciis
894 938 958 969 suis
980 939 1020 969 de
1035 937 1134 969 libero
1151 941 1333 969 tenemento
1349 948 1420 969 meo
1436 938 1470 969 in
1486 937 1629 969 manerio

159 1007 199 1038 de
222 1006 413 1038 Dmffors.
476 1006 548 1042 Que
579 1007 709 1049 quidem
740 1007 873 1038 dimidia
899 1018 970 1039 acra
995 1018 1067 1039 cum
1094 1006 1298 1048 pertinenciis
1328 1007 1393 1038 suis
1422 1006 1507 1048 jacet
1535 1006 1631 1048 juxta.

157 1078 286 1118 pratum
315 1086 448 1117 persone
478 1075 588 1107 Sancti
618 1075 767 1107 ANDREE
806 1076 846 1107 de
884 1075 1067 1107 Dvmpovs
1104 1076 1223 1107 scilieet
1261 1087 1300 1107 ex
1338 1077 1429 1117 parte
1468 1075 1625 1107 orientali.

158 1143 345 1176 Tenendam
371 1146 403 1175 et
429 1143 610 1176 habendam
637 1145 677 1176 de
702 1156 753 1176 me
778 1147 809 1176 et
836 1144 1008 1176 heredibus
1032 1145 1111 1176 meis
1135 1144 1186 1176 vel
1210 1144 1382 1186 assignatis
1408 1144 1487 1175 meis
1514 1143 1574 1176 sibi
1599 1147 1631 1176 et

157 1212 328 1244 heredibus
355 1213 420 1244 suis
445 1213 496 1244 vel
523 1213 693 1255 assignatis
717 1213 781 1245 suis
805 1213 904 1244 libere
931 1213 1038 1255 quiete
1068 1213 1198 1255 pacifice
1222 1213 1348 1254 integre
1373 1215 1406 1244 et
1419 1202 1629 1244 hereditarie.

159 1281 337 1313 Reddendo
352 1281 428 1313 inde
444 1281 613 1313 annuatim
628 1281 726 1313 michi
742 1284 774 1313 et
790 1281 960 1313 heredibus
975 1282 1053 1314 meis
1069 1281 1120 1313 vel
1135 1281 1306 1323 assignatis
1321 1281 1401 1313 meis
1416 1292 1515 1312 unam
1528 1292 1631 1312 rosam

158 1350 192 1381 in
217 1350 299 1382 festo
329 1350 508 1382 nativitatis
537 1350 623 1382 beati
653 1350 828 1382 JOHANle
860 1350 1027 1381 BAPTISTE
1058 1361 1115 1391 pro
1146 1349 1295 1381 omnibus
1325 1349 1464 1381 serviciis
1494 1349 1630 1390 querelis

157 1418 441 1451 consuetudinibus
473 1419 564 1451 sectis
602 1419 763 1450 curiarum
802 1422 833 1450 et·
869 1419 1037 1450 demandis
1068 1418 1273 1450 secularibus.
1337 1417 1400 1449 Pro
1430 1417 1492 1449 hiis
1522 1423 1631 1449 autem

159 1487 330 1518 donatione
342 1487 539 1519 concessione
556 1493 587 1518 et
603 1491 688 1519 carte
705 1498 775 1518 mee
792 1487 1034 1519 confirmacione
1050 1487 1139 1519 dedit
1152 1487 1249 1519 michi
1264 1487 1425 1528 predictus
1436 1486 1631 1522 WALTERUS

160 1556 199 1588 de
209 1555 359 1588 RENGNY
371 1556 480 1588 decem
492 1556 608 1588 solidos
619 1556 846 1598 sterlingorum
858 1556 1064 1597 premanibus
1075 1556 1109 1587 in
1122 1556 1277 1598 ingressu.
1318 1555 1391 1597 Ego
1404 1566 1478 1586 vero
1488 1555 1632 1596 prefatus

160 1623 374 1657 WILLELMUS
390 1625 474 1656 filius
491 1624 720 1656 Onmsrorom
738 1628 769 1656 et
785 1624 917 1656 heredes
934 1625 996 1656 mei
1020 1625 1070 1656 vel
1086 1624 1240 1666 assignati
1264 1624 1440 1666 predictam
1463 1623 1631 1655 dimidiam

160 1703 265 1724 acram
280 1693 365 1734 prati
380 1704 452 1724 cum
468 1693 673 1734 pertinenciis
689 1693 831 1735 predicto
849 1692 1024 1724 WALTERO
1041 1693 1079 1724 de
1096 1693 1246 1724 RENGNY
1263 1696 1294 1724 et
1310 1692 1479 1724 heredibus
1495 1692 1559 1723 suis
1582 1691 1632 1723 vel

160 1761 331 1803 assignatis
357 1761 422 1793 suis
453 1761 679 1804 inperpetuum
710 1764 820 1793 contra
859 1773 968 1793 omnes
1006 1761 1151 1793 homines
1189 1763 1219 1792 et
1259 1761 1396 1792 feminas
1426 1760 1631 1791 warrantizare

160 1829 339 1870 acquietare
355 1832 387 1861 et
405 1829 587 1861 deffendere
603 1830 764 1862 debemus.
823 1830 867 1861 Et
884 1834 921 1861 ut
936 1830 992 1861 hec
1008 1841 1079 1862 mea
1095 1829 1227 1862 donacio
1244 1829 1399 1861 concessio
1415 1831 1447 1860 et
1463 1832 1546 1860 carte
1562 1839 1631 1860 mee

160 1898 361 1929 confirmacio
392 1900 460 1929 rate
490 1901 522 1930 et
552 1898 680 1930 stabiles
718 1901 926 1940 permaneant
965 1899 1048 1931 hanc
1078 1901 1257 1940 presentem
1287 1900 1408 1929 cartam
1438 1897 1536 1939 sigilli
1566 1897 1631 1928 mei

160 1965 365 2008 impressione
381 1966 536 1998 roboravi.
583 1966 662 1999 Hiis
670 1967 805 1999 testibus
823 1994 828 1998 .
846 1968 976 1999 domino
987 1967 1148 1999 Romano
1160 1967 1199 1998 de
1213 1966 1369 1998 SOMERY.
1385 1965 1580 1997 Wummmo
1592 1965 1631 1996 de

159 2034 282 2067 BARRY
299 2062 304 2066 .
324 2035 478 2067 RmAuno
495 2036 534 2067 de
554 2035 671 2067 Ooom
690 2062 696 2067 .
715 2035 891 2069 WAmmm
907 2037 946 2068 de
967 2036 1082 2068 COGAN
1101 2062 1106 2067 .
1126 2035 1320 2068 Wumzmo
1340 2035 1406 2066 filio
1427 2035 1595 2066 Ammmu
1623 2060 1628 2064 .

159 2105 192 2134 et
206 2103 318 2135 multis
333 2104 413 2135 aliis.
