1820 2548
1492 180 1576 212 1023

155 337 288 378 pascuis,
299 337 446 379 pasturis,
457 336 571 379 planis,
582 336 688 375 vastis,
699 335 910 375 libertatibus,
922 336 1030 368 liberis
1042 334 1324 368 consuetudinibus
1335 337 1367 367 et
1379 334 1620 377 quibuscunque

157 405 228 436 aliis
254 405 458 447 pertinenciis
487 404 551 436 suis
581 404 685 436 eidem
709 405 791 436 terre
816 415 943 446 quoquo
970 404 1065 436 modo
1090 402 1316 446 spectantibus.
1363 402 1563 435 Habendum
1586 406 1618 435 et

155 473 331 505 tenendum
354 473 461 505 omnia
483 472 625 515 predicta
647 474 830 504 tenementa
853 483 925 503 cum
948 472 1153 514 pertinenciis
1176 471 1215 502 de
1235 482 1286 502 me
1308 470 1478 502 heredibus
1493 471 1572 502 meis
1587 473 1617 502 et

155 540 325 583 assignatis
355 541 479 583 prefato
506 540 635 572 domino
659 540 819 572 Rossssmo
842 540 1012 572 heredibus
1034 540 1099 572 suis
1121 542 1153 572 et
1183 539 1353 581 assignatis
1382 538 1480 571 libere
1511 539 1617 580 quiete

155 607 236 641 bene
262 608 390 651 pacifice
416 608 489 651 jure
514 607 707 640 hereditario
731 607 979 649 imperpetuum.
1027 607 1205 639 Reddendo
1229 607 1304 639 inde
1328 608 1497 639 annuatim
1521 607 1619 640 michi

155 675 325 709 heredibus
344 677 423 709 meis
446 680 478 708 et
497 676 668 719 assignatis
686 676 790 708 dictus
811 675 961 707 dominus
983 675 1163 707 ROBERTUS
1186 675 1317 708 heredes
1339 675 1388 706 sui
1412 678 1443 707 et
1464 675 1619 718 assignati

155 745 236 777 duos
251 745 396 777 denarios
410 745 445 777 in
456 745 538 777 festo
550 744 660 777 Sancti
676 744 872 776 MICHAELIS
888 755 946 786 pro
957 745 1046 776 omni
1058 744 1188 776 servicio
1201 746 1233 776 et
1244 745 1474 776 consuetudine
1485 744 1618 776 seculari

154 814 318 846 exactione
337 816 369 846 et
384 814 552 846 demanda.
599 813 662 846 Pro
682 813 741 845 hac
763 816 872 845 autem
888 814 1062 845 donaeione
1083 814 1281 846 concessione
1301 815 1333 846 et
1348 813 1447 856 hujus
1463 813 1618 856 presentis

155 885 241 914 carte
256 893 324 914 mee
340 882 581 914 confirmacione
597 882 687 914 dedit
702 881 800 913 michi
815 882 977 924 predictus
989 882 1138 914 dominus
1154 882 1334 914 Rossmzws
1347 884 1484 924 quatuor
1499 893 1621 913 marcas

155 951 282 993 argenti
303 962 359 993 pre
379 950 536 982 manibus.
583 950 629 982 Et
650 961 709 993 ego
731 961 806 982 vero
824 950 928 982 dictus
949 950 1164 983 WILLELMUS
1180 950 1311 982 heredes
1326 951 1390 982 mei
1411 952 1442 982 et
1466 950 1621 992 assignati

154 1020 262 1052 omnia
276 1020 419 1061 predicta
433 1021 617 1051 tenementa
633 1030 706 1051 cum
721 1018 927 1061 pertinenciis
945 1019 1106 1051 antedicto
1122 1019 1253 1051 domino
1275 1019 1436 1051 Romano
1451 1018 1621 1051 heredibus

154 1088 219 1121 suis
234 1091 267 1120 et
286 1088 457 1131 assignatis
477 1091 587 1120 contra
602 1099 712 1120 omnes
733 1090 845 1130 gentes
863 1099 920 1130 per
937 1088 1100 1119 redditum
1118 1088 1316 1120 antedictum
1332 1087 1618 1119 warantizabimus.

153 1155 200 1188 Et
221 1158 259 1188 ut
280 1156 338 1188 hec
360 1168 431 1188 mea
452 1157 582 1188 donatio
603 1156 759 1188 concessio
784 1159 815 1188 et
837 1156 936 1198 hujus
957 1156 1113 1198 presentis
1137 1158 1222 1188 carte
1245 1156 1447 1188 confirmacio
1468 1158 1621 1198 perpetua

153 1225 293 1267 gaudeat
308 1225 459 1257 firmitate
477 1250 483 1256 .
500 1225 583 1257 hanc
598 1228 778 1267 presentam
800 1227 920 1257 cartam
936 1225 1035 1267 sigilli
1051 1225 1114 1256 mei
1129 1224 1325 1267 inpressione
1340 1224 1496 1257 roboravi.
1543 1224 1620 1256 Hiis

153 1293 310 1325 testibus.
335 1293 451 1325 Divm
475 1294 514 1325 de
536 1294 568 1325 la
591 1293 713 1325 BERE.
738 1293 903 1326 JOHANNE
927 1294 967 1325 de
991 1294 1021 1325 la
1044 1293 1142 1325 BERE
1167 1319 1174 1325 .
1198 1293 1364 1326 JOHANNE
1388 1294 1427 1325 de
1450 1292 1587 1324 Pssmuzs
1612 1317 1619 1325 .

151 1360 347 1394 WILLELMO
372 1362 412 1394 de
441 1362 591 1394 LAMARE
618 1388 624 1394 .
650 1361 805 1394 RmAnno
832 1361 929 1394 Lupo
955 1387 961 1393 .
986 1362 1140 1394 AMUNDO
1171 1361 1403 1394 TURBERVYLE
1428 1387 1435 1393 .
1461 1361 1621 1393 RossERTo

150 1429 292 1461 Moxsm,
310 1454 316 1461 .
334 1429 356 1462 J
358 1441 500 1462 OHANNE
516 1429 703 1462 SELEWOLD
721 1455 727 1461 .
745 1430 872 1462 ΤΗοΜΑ
888 1431 928 1462 (10
944 1430 1124 1462 LANDEWY
1140 1434 1172 1462 et
1187 1430 1268 1462 aliis.

195 1497 318 1530 Datum
345 1499 432 1540 apud
458 1498 645 1530 LANnmoR
671 1499 908 1541 quartodecimo
932 1499 983 1531 die
1010 1499 1032 1531 J
1034 1499 1160 1531 aunarii
1182 1510 1267 1531 anno
1290 1499 1425 1531 Domini
1449 1498 1618 1530 millesimo

148 1566 364 1598 tricentesimo
388 1571 503 1608 quarto
527 1567 650 1599 decimo
674 1592 682 1600 .
706 1571 738 1599 et
762 1567 862 1599 eciam
887 1579 971 1599 anno
998 1568 1092 1610 regni
1115 1567 1216 1609 Regis
1239 1567 1409 1599 EDWARDI
1434 1567 1492 1598 fflii
1516 1566 1618 1609 Regis

148 1634 319 1667 EDWARm
335 1638 454 1667 octavo.

190 1702 260 1735 The
276 1703 341 1736 seal
356 1704 383 1735 is
398 1704 552 1746 wanting.

189 1771 411 1804 Endorsed—‘
422 1772 547 1805 Reuroz
565 1799 570 1804 .
590 1772 782 1815 Rewrowgh
797 1773 831 1805 in
846 1773 941 1805 feodo
957 1773 996 1804 de
1013 1772 1255 1814 Llandymore.’
