1820 2548
223 224 306 254 1176

217 379 339 411 Dicunt
369 380 466 411 etiam
497 380 582 422 qnod
613 380 720 412 nullus
747 385 793 412 est
821 381 945 412 medius
968 380 1052 413 inter
1075 381 1241 414 dominum
1269 381 1393 423 Regem
1419 384 1451 414 et
1477 382 1638 424 prefatum

175 446 367 479 Hsmucmi
399 448 581 490 episcopum
612 449 651 480 de
681 448 831 490 predictis
865 449 1037 491 mesuagiis
1069 449 1260 482 molendinis
1290 450 1382 482 terris
1410 450 1510 492 pratis
1539 450 1640 484 boscis

173 515 270 547 vastis
299 521 331 547 et
361 516 532 548 medietate
562 516 717 559 mesuagii
749 520 781 548 et
811 517 1019 549 arlvocacione
1057 518 1184 550 ecclesie
1222 518 1360 560 predicte
1396 518 1457 550 nisi
1490 519 1640 552 dominus

172 583 354 616 Jonnzsss
370 585 409 616 de
426 584 600 616 Momffln
617 584 767 616 dominus
783 584 977 617 Gouusma.

215 652 339 684 Dicunt
355 653 452 684 etiam
468 653 553 694 quod
570 656 639 684 ooto
654 653 819 694 mesuagia
834 653 1014 693 dimidium,
1031 657 1100 686 octo
1115 654 1307 696 mutissagia,
1330 654 1546 697 quadraginta
1568 665 1638 687 acre

170 722 263 759 terre,
290 721 397 752 decem
418 731 488 752 acre
515 721 610 762 prati,
636 721 700 752 duo
725 721 880 763 gurgites,
908 725 939 753 et
962 722 1144 764 passagium
1170 733 1250 764 aque
1275 723 1315 753 de
1340 721 1445 754 TAwE
1471 725 1638 755 remanent

169 788 271 820 eidem
290 788 450 820 stiuco
466 789 612 830 episcopo
628 789 713 820 ultra
730 789 936 821 donacionem
953 792 984 822 et
1000 790 1250 832 assignaoionem
1260 790 1436 832 predictam
1448 790 1482 822 in
1494 790 1637 833 predicta

170 859 253 888 terra
269 857 309 888 de
326 856 521 888 Gornmzm.

213 925 334 956 Dicunt
378 925 475 956 etiam
514 926 600 966 quod
636 925 778 967 predicta
808 930 877 958 octo
913 926 1075 968 mesuagia
1114 926 1294 964 dimidium,
1337 930 1406 959 octo
1444 926 1635 970 curtillagia,

169 993 385 1035 quadraginta
415 1005 484 1025 acre
515 997 607 1031 terre,
639 994 746 1025 deoem
778 1006 848 1026 aere
879 995 972 1036 prati,
1012 995 1075 1026 duo
1106 995 1251 1037 gurgites
1281 998 1313 1026 et
1342 995 1526 1037 passagium
1556 1006 1637 1037 aque

167 1061 308 1103 predicte
338 1064 490 1093 tenentur
518 1062 557 1093 de
588 1062 728 1103 predicto
753 1062 918 1094 ιῘΟΗΑΝΝΕ
945 1063 985 1094 (le
1009 1062 1185 1094 MOMBRAY
1210 1063 1340 1094 domino
1369 1062 1553 1095 Gommme
1580 1074 1638 1106 per

168 1129 335 1161 servicium
366 1135 486 1171 septem
519 1130 691 1162 solidorum
723 1142 777 1162 sex
808 1131 1011 1162 denariomm
1041 1133 1074 1162 et
1102 1141 1163 1162 vm.
1202 1130 1357 1163 librarum
1387 1131 1509 1163 cumini
1539 1131 1637 1173 precii

167 1198 200 1229 1¹¹-
219 1200 262 1229 ob.
281 1202 312 1229 et
330 1210 385 1240 per
401 1203 518 1230 sectam
534 1199 576 1230 ad
592 1198 795 1231 hundredum
812 1200 851 1231 de
867 1199 1066 1231 Swnvxsnm
1083 1200 1123 1231 de
1145 1199 1309 1241 quindena
1329 1199 1363 1230 in
1386 1199 1583 1241 quindenam
1604 1202 1637 1232 et

170 1272 286 1298 sectam
303 1267 344 1298 ad
360 1267 548 1298 comitatum
563 1266 682 1299 ibidem
704 1268 743 1299 de
766 1279 874 1299 mense
898 1268 932 1299 in
958 1279 1099 1299 mensem
1120 1278 1182 1309 que
1208 1270 1290 1299 secte
1313 1267 1419 1299 valent
1438 1279 1494 1309 per
1514 1278 1636 1299 annum

167 1345 231 1366 xm.
263 1335 410 1366 denarios
441 1346 498 1376 pro
529 1336 615 1367 omni
654 1336 793 1368 servicio.
863 1335 906 1367 Et
944 1336 1086 1378 predicta
1123 1339 1305 1367 tenementa
1342 1335 1445 1367 eidem
1475 1335 1637 1367 Hmnuoo

168 1404 313 1445 episeopo
343 1404 542 1435 remanentia
572 1404 657 1435 ultra
688 1404 896 1436 donacionem
927 1407 957 1436 et
987 1404 1238 1446 assignacionem
1265 1403 1422 1445 predictas
1448 1404 1558 1436 valent
1580 1415 1638 1446 per

168 1482 290 1502 annum
319 1477 436 1502 xxva-
467 1472 514 1502 ιν*
544 1472 629 1503 ultra.
651 1472 804 1513 reprisam
827 1475 858 1503 et
883 1472 1042 1503 sufficiunt
1062 1472 1103 1503 ad
1124 1472 1369 1503 consuetudines
1389 1472 1519 1504 servicia
1541 1474 1575 1504 et
1596 1473 1638 1504 ad

168 1539 277 1571 omnia
291 1539 354 1570 alia
370 1550 466 1571 onera
481 1539 567 1570 utin
585 1540 676 1571 sectis
698 1539 816 1572 visibus
840 1540 941 1571 franci
965 1540 1064 1582 plegii
1087 1540 1216 1571 auxiliis
1243 1544 1274 1571 et
1301 1540 1372 1572 aliis
1395 1539 1638 1583 quibuscunque

167 1607 317 1639 oneribus
333 1607 520 1639 sustinenda
535 1614 629 1649 prout
646 1608 792 1650 superius
807 1610 855 1640 est
870 1619 1063 1650 expressum.

208 1676 330 1707 Dicunt
347 1676 443 1707 etiam
459 1677 544 1717 quod
562 1676 694 1709 heredes
711 1676 810 1718 ipsius
835 1675 989 1708 Humum
1015 1676 1049 1707 in
1077 1676 1181 1707 assisis
1204 1676 1321 1718 juratis
1348 1679 1380 1708 et
1406 1676 1477 1707 aliis
1492 1675 1636 1718 recogni-

168 1743 313 1775 cionibus
328 1743 570 1786 quibuscunque
586 1745 661 1786 poni
688 1748 820 1787 possunt
844 1748 938 1786 prout
963 1747 1173 1776 antecessores
1199 1744 1247 1776 sui
1272 1748 1347 1776 ante
1373 1744 1582 1776 donacionem
1605 1746 1638 1776 et

171 1812 422 1854 assignacionem
445 1812 604 1854 predictas
626 1813 701 1854 poni
731 1817 944 1844 eonsuverunt
962 1838 967 1843 .
986 1816 1018 1843 et
1045 1812 1131 1853 quod
1158 1812 1262 1854 patria
1288 1824 1345 1854 per
1370 1812 1580 1844 donacionem
1606 1814 1639 1843 et

169 1880 421 1922 assignacionem
458 1880 615 1922 predictas
652 1881 685 1912 in
717 1881 844 1912 defectu
873 1881 998 1912 heredis
1028 1881 1126 1922 ipsius
1165 1880 1317 1912 anmol
1359 1880 1497 1922 episcopi
1533 1879 1638 1922 magis

174 1948 267 1980 solito
283 1960 346 1980 non
364 1949 548 1980 onerabitur
564 1960 621 1980 nec
637 1949 834 1991 gravabitur.

215 2016 256 2048 In
294 2017 387 2059 cujus
421 2017 466 2048 rei
505 2017 724 2049 testimonium
765 2017 898 2059 predicti
933 2017 1033 2059 jurati
1075 2017 1151 2049 huic
1190 2017 1391 2059 inquisicioni
1433 2016 1540 2059 sigilla
1581 2027 1638 2048 sua

174 2089 399 2127 apposuerunt.

219 2152 341 2185 Datum
356 2153 407 2185 die
423 2157 455 2184 et
471 2164 555 2185 anno
572 2154 770 2195 supradietis.

768 2223 804 2249 (1)
823 2222 914 2244 should
932 2222 961 2244 be
977 2222 1050 2244 oboli.
