1820 2548
1589 183 1651 214 779

884 398 1037 431 DCCXI.

219 479 383 512 ΘΗΛ-ΝΤ
414 479 479 512 BY
508 479 662 519 ALIOE,
695 479 867 512 RELIGT
899 480 957 512 OF
992 479 1256 519 GEOFFREY,
1288 480 1376 512 SON
1404 480 1463 512 OF
1495 480 1691 520 SEVARE,

326 550 385 582 OF
417 549 519 582 ΗΕΒ
550 549 710 582 HOUSE
741 549 795 581 IN
827 549 1065 590 KENEFEG,
1096 549 1153 582 ΤΟ
1184 549 1395 582 MARGAM
1425 549 1596 582 ABBEY.

760 630 935 673 [MARGAM
963 630 1156 674 CHARTER]

263 712 374 744 Sciant
389 724 419 755 p.
437 716 469 744 et
485 713 508 744 f.
522 713 607 754 quod
624 724 683 755 ego
696 713 821 744 Amcm
834 712 944 744 relicta
961 712 1132 744 Grumum
1149 712 1208 744 filii
1224 712 1358 745 SEVARE
1374 714 1408 745 in
1424 713 1524 745 libera
1538 714 1694 746 viduitate

219 793 291 814 mea
310 782 440 814 eonsih'o
464 784 495 813 et
519 793 647 813 assensu
670 781 794 813 Ancus:
818 781 882 812 filie
906 785 937 813 et
961 781 1086 813 heredis
1110 793 1179 813 mee
1203 782 1278 813 dedi
1300 784 1332 813 et
1348 783 1484 814 concessi
1503 786 1534 814 et
1554 783 1694 824 presenti

221 853 307 882 carta
334 851 519 882 confirmavi
544 850 614 882 Deo
639 853 671 882 et
693 849 808 881 Sancte
836 850 882 882 M.
913 851 952 881 de
980 850 1130 882 MARGAN
1157 853 1189 882 et
1213 861 1256 882 m.
1283 851 1302 882 i.
1330 851 1372 882 D.
1399 862 1422 882 s.
1449 851 1482 882 in
1506 854 1694 893 perpetuam

219 919 425 951 elemosinam
453 919 585 951 domum
609 929 713 950 meam
739 919 778 950 de
809 918 981 950 KENEFEG
1012 930 1085 950 eum
1113 918 1260 951 omnibus
1290 920 1493 961 pertinentiis
1524 931 1584 962 que
1610 920 1695 961 jacet

219 988 304 1020 inter
326 988 458 1020 domum
482 987 677 1020 WILLELMO
701 987 812 1019 FABRI
840 1014 845 1019 .
871 990 902 1019 et
924 988 1056 1019 domum
1076 987 1263 1020 Wnuzmn
1284 988 1391 1020 BUNz.
1439 988 1492 1020 Ita
1511 990 1596 1031 quod
1617 989 1695 1021 dieti

220 1056 368 1089 monaehi
392 1058 524 1088 teneant
545 1059 578 1088 et
601 1056 741 1088 habeant
759 1057 879 1088 dietam
899 1057 1030 1088 domum
1052 1056 1132 1088 bene
1157 1060 1190 1089 et
1216 1057 1250 1088 in
1275 1069 1351 1099 paee
1376 1084 1381 1088 .
1409 1057 1506 1089 libere
1530 1060 1560 1089 et
1589 1058 1695 1099 quiete

220 1125 382 1158 reddendo
398 1125 474 1157 inde
491 1125 660 1157 annuatim
676 1125 806 1157 domino
823 1125 932 1157 comiti
948 1126 1116 1157 duodecim
1132 1125 1278 1158 denarios
1301 1137 1358 1168 pro
1384 1126 1532 1158 omnibus
1557 1127 1696 1158 serviciis

220 1193 440 1226 exactionibus
463 1196 495 1225 et
518 1193 688 1225 demanda.
735 1193 781 1225 Et
804 1204 864 1235 ego
887 1196 918 1225 et
942 1193 1072 1225 heredes
1094 1194 1156 1225 mei
1176 1194 1296 1225 dietam
1312 1195 1443 1226 domum
1460 1206 1531 1226 eum
1548 1195 1696 1227 omnibus

219 1262 425 1305 pertinenciis
456 1262 550 1294 dietis
581 1262 745 1294 monachis
771 1273 828 1304 pro
859 1261 944 1293 dicto
974 1262 1102 1294 redditu
1134 1262 1413 1295 warantizabimus
1444 1267 1554 1295 contra
1586 1276 1696 1296 omnes

218 1331 369 1363 mortales
399 1333 431 1362 et
461 1334 497 1362 ut
527 1330 680 1372 premissa
710 1331 871 1362 firmitatis
908 1330 1005 1362 robur
1041 1331 1209 1373 optineant
1239 1332 1273 1363 in
1305 1336 1494 1374 perpetuum
1527 1358 1533 1364 .
1567 1344 1696 1375 presens

219 1399 371 1441 seriptum
396 1399 503 1441 sigillo
524 1399 643 1431 DAvm
666 1399 725 1431 filii
749 1399 921 1431 WASMERI
947 1399 1022 1441 quia
1048 1400 1191 1442 sigillum
1215 1400 1379 1442 proprium
1399 1412 1462 1432 non
1483 1401 1581 1432 habm‘
1605 1401 1695 1434 robo-

218 1468 296 1500 ravi.
353 1468 429 1500 Hiis
461 1468 594 1500 testibus
626 1494 632 1499 .
665 1468 764 1500 fratre
797 1468 972 1501 WALTERO
1004 1469 1150 1501 HUBOLT
1182 1495 1189 1501 .
1222 1469 1418 1503 WILLELMO
1449 1471 1487 1502 de
1520 1470 1659 1503 KARDIF
1687 1496 1693 1503 .

221 1536 416 1570 WILLELMO
433 1539 472 1569 de
490 1538 703 1569 GmPsTAPLE
723 1537 888 1569 monachis
903 1539 943 1570 de
963 1538 1117 1570 MARGAN
1137 1564 1143 1570 .
1161 1538 1356 1571 WILLELMO
1380 1541 1453 1571 oon
1477 1565 1482 1570 .
1502 1539 1696 1572 WILLELMO

220 1605 287 1637 filio
303 1606 374 1648 ejus
389 1611 421 1638 et
439 1606 554 1638 hmo
571 1606 636 1638 fflio
654 1606 825 1639 WAsMEm
845 1631 851 1638 .
871 1610 903 1638 et
918 1607 1029 1638 multis
1045 1607 1126 1639 aliis.

264 1673 346 1713 Seal,
371 1675 450 1706 dark
475 1686 573 1717 green
596 1687 676 1715 wax,
701 1687 720 1706 a
742 1686 829 1707 mere
852 1676 1017 1718 fragment
1040 1676 1074 1707 of
1105 1688 1145 1708 an
1169 1677 1251 1715 oval‚
1276 1660 1349 1719 leart
1372 1677 1405 1708 of
1429 1688 1470 1708 an
1494 1678 1695 1709 ornamental

221 1741 420 1782 fleur-de-lis‚
437 1744 501 1775 and
518 1743 551 1775 of
574 1743 629 1775 the
645 1744 816 1786 legend—⁴
835 1769 1026 1776 ........
1045 1756 1071 1776 M
1089 1770 1095 1777 .
1115 1744 1243 1777 imvm!

264 1809 485 1842 Endorsed———‘
498 1811 594 1843 Carta
609 1811 714 1844 Alioie
730 1813 770 1844 de
787 1813 881 1844 domo
896 1814 975 1845 sua?

265 1878 334 1911 The
350 1879 500 1921 pedigree
516 1890 616 1912 seems
631 1883 664 1912 to
681 1881 775 1912 stand
791 1881 867 1913 thus
878 1893 930 1913 :—-

896 1951 984 1973 Savare
992 1961 1020 2009 Τ

846 2045 972 2067 Galfridus
982 2057 1010 2104 Τ
1020 2047 1106 2068 Alii-ia.

905 2112 908 2139 Ι

822 2140 897 2164 Aliee.
910 2140 1003 2163 heirem
