1820 2548
235 164 298 195 990

833 392 1008 426 DCOGLI.

191 487 349 520 GREAT
373 486 598 519 OHARTER
625 486 684 518 OF
714 485 965 518 LIBERTIES
997 486 1222 519 GRANTED
1246 487 1310 519 BY
1341 487 1560 521 WILLIAM
1582 488 1647 521 DE

298 554 491 594 BREOSA,
521 554 647 587 LORD
681 554 740 586 OF
771 554 868 586 THE
899 554 1101 587 HONOUR
1125 555 1183 587 OF
1209 555 1438 588 BREMBRE
1464 555 1566 588 AND
1590 556 1649 589 OF

297 623 479 662 GOWER,
495 623 553 655 To
579 622 677 655 THE
704 622 916 655 ENGLISH
932 623 1032 655 AND
1054 622 1224 656 WELSH
1251 624 1310 655 OF
1334 623 1415 656 HIS
1436 624 1647 657 ENGLISH

297 691 488 725 COUNTY
526 691 585 724 OF
623 691 804 725 GOWER.

725 772 898 815 [MARGAM
921 772 1112 816 Calamam]

996 854 1039 885 24
1062 853 1144 885 Fan.
1190 854 1232 886 34
1255 854 1410 887 Emmnn
1433 854 1462 887 I.
1510 856 1603 888 1306.

231 935 389 968 Omnibus
405 934 544 967 Cumsrl
561 935 707 967 fidelibus
722 945 850 977 presens
869 934 1021 976 scriptum
1044 934 1160 966 visuris
1182 935 1232 966 vel
1255 935 1412 967 audituris
1434 935 1648 968 WILLELMUS

185 1004 224 1035 de
244 1003 378 1035 BnuosA
395 1003 542 1035 dominus
558 1003 713 1035 honorum
730 1003 769 1034 de
786 1002 955 1034 Emmaus
971 1004 1004 1034 et
1019 1003 1058 1034 de
1076 1001 1235 1034 GonnmA
1251 1003 1384 1034 salutem
1400 1003 1434 1034 in
1450 1003 1600 1035 Domino.

228 1071 391 1103 Noveritis
407 1071 596 1103 universitas
611 1074 715 1102 vestra
730 1082 787 1102 nos
803 1070 987 1103 concessisse
1003 1072 1035 1102 et
1057 1070 1116 1102 hac
1137 1071 1275 1112 presenti
1297 1073 1383 1103 carta
1405 1073 1513 1103 nostra
1535 1071 1646 1104 conflr-

185 1151 286 1172 masse
309 1151 366 1181 pro
392 1139 483 1171 nobis
513 1138 682 1171 heredibus
712 1139 828 1171 nostris
854 1141 885 1170 et
910 1139 1079 1180 assignatis
1105 1138 1251 1171 omnibus
1278 1138 1454 1178 abbatibus,
1479 1139 1646 1181 prioribus,

187 1209 410 1251 hospitalariis,
428 1208 612 1250 templariis,
630 1207 795 1246 militibus,
812 1207 908 1239 libere
925 1206 1117 1245 tenentibus,
1134 1210 1165 1238 et
1177 1218 1285 1238 eorum
1297 1206 1480 1239 tenentibus
1490 1218 1526 1239 ac
1537 1218 1647 1239 eorum

187 1276 370 1309 hominibus
385 1281 451 1308 tam
467 1277 632 1307 Asomms
649 1286 744 1317 quam
760 1274 1011 1308 WALLENSIBus
1033 1274 1118 1306 infra
1140 1275 1335 1316 procinctum
1357 1275 1458 1307 nost-ri
1480 1275 1648 1307 comitatus

188 1344 384 1377 ANGLlcam
414 1343 572 1376 Gonnum
603 1343 832 1382 habitantibus,
864 1354 919 1375 seu
948 1345 1065 1374 terram
1088 1343 1281 1382 tenentibus,
1308 1354 1417 1375 omnes
1443 1345 1475 1375 et
1505 1344 1648 1386 singulas

187 1412 349 1444 libertates
373 1412 572 1454 subscriptas,
594 1413 769 1444 tenendum
794 1415 825 1443 et
846 1410 1028 1443 habendum
1051 1411 1111 1443 sibi
1134 1411 1359 1444 suecessoribus
1381 1423 1417 1443 ac
1432 1411 1602 1444 heredibus
1615 1414 1649 1444 et

190 1481 360 1523 assignatis
376 1480 440 1512 suis
454 1480 488 1512 in
505 1483 703 1522 perpetuum.

231 1548 273 1580 In
296 1548 407 1590 primis
431 1548 581 1590 quoniam
605 1548 749 1580 coherere
773 1551 803 1580 et
827 1547 983 1590 conjungi
1005 1558 1070 1579 non
1092 1549 1233 1589 possunt,
1257 1559 1392 1589 quorum
1408 1551 1481 1580 vota
1497 1550 1528 1580 et
1543 1547 1649 1580 studia

190 1616 311 1648 suerint
338 1617 471 1655 diversa,
498 1616 613 1648 idcirco
638 1617 678 1648 ad
709 1616 862 1647 honorem
892 1615 955 1648 Dei
985 1616 1133 1658 pacisque
1163 1615 1423 1647 reformacionem
1447 1615 1594 1648 omnibus
1617 1619 1650 1648 et

190 1685 326 1727 singulis
347 1684 530 1717 hominibus
553 1685 701 1726 predictis
724 1684 780 1726 qui
802 1685 891 1716 litem
915 1686 1023 1716 contra
1046 1695 1103 1715 nos
1125 1683 1158 1715 in
1175 1684 1261 1716 curia
1283 1683 1417 1715 Domini
1433 1684 1533 1726 Regis
1547 1695 1650 1727 nuper

190 1756 358 1785 moverunt
389 1755 445 1785 aut
475 1753 592 1785 eisdem
622 1753 656 1784 in
687 1753 830 1794 predicta
859 1753 916 1784 lite
947 1751 1216 1784 contribucionem
1245 1752 1385 1794 aliquam
1415 1753 1466 1784 vel
1491 1752 1648 1784 auxilium

191 1822 399 1863 pre-stiterunt
424 1832 550 1853 omnem
576 1821 768 1853 remittimus
798 1831 970 1859 rancorem,
1001 1822 1033 1852 et
1059 1820 1178 1852 malam
1204 1821 1411 1860 voluntatem,
1443 1820 1581 1863 gratiam
1605 1820 1649 1852 eis

190 1889 359 1931 pristinam
386 1893 418 1921 et
444 1889 649 1921 dileccionem
680 1889 895 1927 concedentes,
926 1888 1129 1929 accionesque
1159 1899 1371 1930 quascumque
1397 1888 1585 1930 personales,
1612 1899 1649 1921 ac

190 1957 342 1999 querelas,
366 1968 423 1989 nos
446 1968 501 1989 seu
523 1956 654 1989 heredes
677 1959 800 1988 nostros
821 1958 930 1988 contra
953 1956 1079 1987 eosdem
1103 1967 1290 1998 quocunque
1311 1957 1406 1988 modo
1429 1956 1648 1999 contingentes

188 2024 328 2067 benigne
342 2025 550 2056 remittentes.

231 2092 391 2125 Volumus
405 2092 535 2135 insuper
550 2095 581 2124 et
597 2092 797 2125 concedimus
817 2093 903 2134 quod
925 2091 1058 2134 predicti
1080 2091 1219 2124 habeant
1239 2091 1495 2134 jurisdicoionem
1517 2102 1647 2134 eognos-

189 2161 290 2199 cendi,
313 2161 497 2203 placitandi,
522 2164 554 2192 et
576 2160 742 2202 judicandi
765 2170 979 2202 quoscumque
1001 2162 1146 2192 tenentes
1168 2171 1240 2191 suos
1262 2159 1295 2191 in
1312 2159 1399 2191 omni
1415 2171 1509 2192 causa
1522 2170 1648 2202 percus-

189 2229 294 2268 sionis,
311 2228 458 2268 verberis,
474 2231 507 2260 et
521 2228 685 2261 effusionis
701 2228 876 2270 sanguinis,
893 2227 1010 2270 absque
1033 2228 1168 2260 clamore
1183 2239 1238 2260 seu
1260 2227 1428 2267 mahemio‚
1444 2228 1522 2259 dum
1537 2229 1646 2259 tamen
