1820 2548
1516 160 1598 191 1029

788 319 1033 352 DCCCLXXI.

179 401 341 434 GRANT
379 402 444 434 BY
474 400 661 443 HOW'EL,
693 400 780 432 SON
811 400 870 432 OF
901 399 1120 433 WILLIAM
1158 398 1220 430 ΑΡ
1250 396 1438 436 HOWEL,
1469 396 1526 428 TO
1565 395 1641 428 SIR

290 469 476 502 ROBERT
513 469 577 502 DE
618 468 809 508 PENRES,
845 468 965 507 KNT.‚
998 467 1057 500 OF
1095 466 1227 499 LAND
1267 465 1320 497 IN
1360 464 1562 503 REUROZ,
1586 463 1641 495 IN

288 538 386 570 THE
418 537 508 570 FEE
539 538 598 570 OF
627 536 910 569 LANDYMOR.

712 618 886 661 [MARGAM
911 616 1104 659 CHARTER]

1062 686 1102 718 12
1118 685 1210 717 ΜΛΥ.
1258 686 1276 716 8
1293 684 1390 716 Enw.
1408 683 1455 714 II.
1505 683 1598 714 1315.

221 768 331 801 Sciant
351 780 382 810 p.
399 771 431 800 et
452 769 475 801 f.
499 769 584 811 quod
607 779 666 810 ego
688 768 863 800 Howssms
884 768 969 799 filius
990 770 1022 799 et
1044 767 1133 798 heres
1149 766 1337 799 WILLELMI
1361 776 1399 806 ap
1420 764 1554 795 How-m
1570 761 1644 793 dedi

180 840 213 868 et
234 837 370 869 concessi
393 841 425 868 et
449 837 508 868 hac
530 837 670 879 presenti
694 839 780 868 carta
805 848 875 868 mea
898 836 1083 868 confirmavi
1107 835 1237 866 domino
1262 834 1421 865 Romzn‘ro
1445 833 1485 863 de
1508 831 1646 862 Pmmzs

177 905 275 937 militi
304 909 406 937 totam
436 909 553 937 terram
574 917 676 947 ¹quam
707 906 811 937 dictus
840 905 1053 937 WILLELMUs
1083 907 1174 946 pater
1203 914 1293 934 meus
1322 902 1437 933 melius
1462 904 1493 932 et
1520 899 1646 942 plenius

178 975 340 1015 quondam
363 974 477 1006 habuit
500 976 532 1006 et
553 974 657 1006 tenuit
674 974 708 1006 in
730 974 870 1006 REURoz
888 974 923 1005 in
936 973 1030 1005 feodo
1046 974 1086 1004 de
1102 972 1298 1004 LANDYMOR
1314 982 1386 1003 cum
1401 970 1511 1007 boscis,
1528 968 1643 1011 gravis,

176 1043 324 1085 pasturis,
348 1043 462 1085 planis,
479 1044 585 1081 vastis,
602 1046 634 1075 et
650 1043 798 1075 omnibus
815 1043 886 1074 aliis
902 1042 1106 1084 pertinenciis
1129 1041 1194 1073 suis
1216 1041 1299 1072 dicte
1320 1043 1403 1072 terre
1423 1038 1645 1081 quoquomodo

177 1111 393 1152 spectantibus
402 1122 459 1153 pro
471 1111 574 1143 tribus
585 1111 699 1143 marcis
715 1114 745 1143 et
759 1111 894 1143 dimidia
906 1111 1002 1142 michi
1013 1109 1216 1152 premanibus
1225 1108 1402 1151 persolutis.
1447 1107 1646 1139 Habendum

176 1182 209 1211 et
223 1181 399 1211 tenendum
411 1183 512 1212 totam
524 1180 701 1222 predictam
713 1184 832 1211 terram
851 1191 924 1212 cum
935 1179 1141 1221 pertinenciis
1157 1179 1221 1210 suis
1237 1178 1323 1209 dicto
1335 1177 1466 1209 domino
1484 1176 1644 1208 Rossmwo

176 1248 345 1283 heredibus
360 1249 424 1280 suis
440 1255 472 1280 et
487 1249 657 1291 assignabis
672 1249 712 1281 de
727 1248 919 1290 capitalibus
935 1248 1072 1280 dominis
1093 1248 1179 1279 feodi
1203 1247 1291 1278 iuius
1314 1246 1422 1283 libere,
1440 1246 1557 1287 quiete,
1573 1244 1645 1286 jure

176 1316 366 1349 hereditario
382 1328 438 1359 per
448 1317 578 1349 servicia
594 1318 634 1349 de
646 1318 718 1359 jure
731 1317 840 1349 debita
853 1318 1088 1359 inperpetuum.
1136 1316 1181 1348 Et
1193 1327 1253 1358 ego
1266 1327 1339 1347 vero
1354 1315 1458 1346 dietus
1470 1314 1645 1345 How-mm

175 1389 208 1416 et
222 1385 352 1417 heredes
367 1388 469 1417 totam
485 1386 661 1427 predictam
674 1389 792 1418 terram
808 1398 881 1418 cum
891 1386 1095 1427 pertinenciis
1107 1385 1172 1417 suis
1184 1385 1325 1427 predicto
1338 1383 1467 1415 domino
1485 1382 1645 1414 Ronssmo

178 1453 346 1485 heredibus
367 1456 397 1485 et
421 1454 591 1495 assignatis
613 1454 677 1486 suis
697 1458 807 1486 contra
830 1465 939 1486 omnes
961 1460 1072 1494 gentes
1093 1453 1372 1485 warantizabimus
1391 1450 1644 1493 acquietabimus

177 1524 207 1553 et
238 1521 446 1553 defendemus
475 1521 712 1564 inperpetuum.
760 1522 802 1554 In
841 1523 933 1565 eujus
962 1523 1008 1554 rei
1034 1523 1255 1554 testimonium
1286 1521 1359 1553 huic
1390 1520 1529 1563 presenti
1557 1522 1642 1550 carte

176 1589 320 1632 sigillum
356 1601 463 1621 meum
501 1591 642 1633 apposui.
704 1591 749 1622 Et
779 1591 855 1633 quia
885 1592 1029 1634 sigilium
1059 1603 1166 1623 meum
1196 1591 1342 1633 pluribus
1365 1593 1413 1621 est
1439 1589 1641 1631 incognitum

175 1658 318 1699 sigillum
349 1658 511 1690 Pfflm’m
543 1658 716 1692 SCORLAGE
747 1660 850 1692 eidem
882 1665 966 1692 carte
998 1659 1114 1702 apponi
1153 1660 1328 1702 procuraw'.
1381 1658 1457 1690 Hiis
1480 1657 1613 1689 testibus
1631 1682 1635 1687 ,

175 1725 328 1758 RicARno
356 1727 395 1757 de
420 1726 556 1759 PENmzs
576 1753 582 1759 .
603 1728 768 1760 JOHANNE
788 1730 827 1760 de
852 1729 988 1760 Pssmms
1011 1755 1016 1760 .
1041 1728 1211 1760 PmmPPo
1226 1728 1400 1760 SCORLAGE
1419 1753 1424 1757 .
1444 1726 1638 1759 WILLELMO

174 1795 214 1826 de
229 1795 261 1826 la
276 1794 381 1826 Minu
399 1820 405 1826 .
424 1795 583 1827 Romarm
600 1796 752 1829 Min-xm„
771 1823 776 1829 .
795 1797 976 1829 HAmm-no
992 1797 1225 1830 TURBYRVYLE
1240 1823 1246 1829 .
1261 1797 1387 1829 Tnom
1404 1797 1443 1829 de
1460 1795 1637 1828 Lmnmw

175 1866 206 1895 et
221 1863 301 1895 aliis.

217 1932 340 1965 Datum
363 1933 448 1975 apud
473 1932 610 1965 PENREs
635 1934 821 1966 duodecimo
848 1935 899 1967 die
926 1935 1017 1974 Maii,
1043 1947 1128 1967 anno
1152 1936 1244 1978 regni
1269 1936 1369 1979 Regis
1384 1936 1555 1969 Enwfflm
1578 1939 1637 1971 fini

173 2001 273 2044 Regis
297 2001 466 2033 Enwmzm
492 2005 612 2041 octavo,
629 2008 659 2034 et
687 2003 786 2035 eciam
813 2015 898 2036 anno
923 2004 1056 2036 Domini
1082 2005 1250 2036 millesimo
1272 2005 1486 2038 tricentesimo
1510 2007 1636 2049 quinto-

173 2070 303 2102 decimo.

216 2138 286 2170 The
306 2139 374 2170 first
393 2138 427 2171 of
448 2144 510 2171 two
529 2139 609 2171 seals
631 2140 658 2171 is
678 2141 833 2183 wanting.
881 2141 950 2173 The
974 2143 1099 2180 second,
1117 2153 1136 2173 a
1154 2143 1246 2174 small
1267 2143 1357 2186 lump
1377 2143 1410 2175 in
1430 2155 1526 2186 green
1545 2156 1637 2177 wax:

170 2206 273 2239 shield
288 2206 418 2249 shaped‚
435 2219 476 2239 an
493 2208 583 2250 eagle
599 2208 776 2251 displayed,
794 2221 834 2241 on
853 2221 871 2241 a
888 2210 979 2252 quasi
995 2210 1080 2242 chief
1095 2210 1151 2243 the
1167 2212 1254 2243 word
1271 2214 1278 2228 ‘
1292 2212 1376 2244 LEL.'

212 2274 433 2308 Endorsed—‘
448 2276 638 2319 Rewrowgh
654 2277 689 2309 in
705 2277 799 2310 feodo
818 2279 857 2310 de
874 2278 1080 2320 Landymore
1093 2279 1101 2293 '
1118 2280 1184 2311 and
1201 2279 1322 2323 ‘Apud
1339 2280 1501 2314 Reveroz.’
