1820 2548
1569 198 1632 229 929

206 355 326 387 ibidem
350 354 421 387 Deo
447 354 590 386 serviunt
615 353 650 385 in
676 355 863 396 perpetuam
890 353 1094 386 elemosinam
1119 355 1222 385 totam
1247 355 1366 385 terram
1381 353 1421 385 de
1442 353 1672 396 Rossowqm]

207 435 280 456 cum
307 423 455 456 omnibus
478 422 681 465 pertinentiis
702 422 767 454 suis
790 422 825 454 in
849 422 942 454 bosco
966 425 999 454 et
1020 422 1117 464 plano
1141 422 1176 454 in
1197 421 1297 464 pratis
1318 424 1350 454 et
1368 422 1506 464 pasturis
1527 422 1561 453 in
1585 422 1676 464 aquis

208 495 241 525 et
270 493 304 525 'm
335 492 483 524 omnibus
509 492 580 523 aliis
609 491 805 523 aisiamentis
831 491 896 522 suis
925 502 982 533 per
1011 490 1069 523 has
1099 490 1216 523 divisas
1241 516 1248 522 .
1275 491 1393 523 seilicet
1423 491 1576 532 quioquid
1601 501 1673 523 oon-

209 561 331 594 tinetur
355 561 439 593 inter
464 571 580 603 aquam
606 571 668 602 que
698 559 815 591 dicitur
843 558 979 592 WRAcu
1007 584 1013 590 .
1041 561 1074 591 et
1098 570 1216 601 aquam
1243 569 1304 601 que
1331 558 1449 590 dicitur
1476 557 1676 590 emmen-

210 641 377 663 CUMKAKE
395 656 401 662 .
419 633 450 663 et
475 630 559 662 inter
583 640 700 671 aquam
721 629 761 660 de
786 628 890 660 Nem
914 632 946 660 et
966 628 1053 661 viam
1075 638 1228 671 magnam
1249 638 1312 670 que
1332 627 1423 660 vadit
1446 638 1502 669 per
1524 630 1678 659 montana

209 700 250 732 de
287 698 494 731 TORBETHEL
531 709 632 740 usque
669 698 711 730 ad
749 697 965 729 Gmwmcn
998 723 1004 728 .
1037 699 1069 729 et
1107 707 1216 728 omnes
1255 696 1496 728 commoditates
1527 707 1609 738 aque
1639 696 1678 727 de

210 767 314 800 Num
344 767 429 799 inter
457 767 537 799 duas
567 777 666 808 aquas
695 766 934 808 prenominatae
965 765 1082 797 scilicet
1114 764 1225 798 Wmc
1254 768 1286 796 et
1325 764 1677 797 CLEUDACHCUMKAKE

210 838 243 869 et
265 846 467 869 communem
488 838 653 878 pasturam
675 834 775 867 totius
797 837 880 866 terre
902 845 971 866 mee
995 834 1029 865 in
1052 833 1214 865 montanis
1236 833 1321 865 inter
1343 833 1498 864 AVENAM
1521 836 1553 865 et
1576 832 1680 864 Nam

210 906 252 937 ad
278 905 463 937 habendum
489 907 521 937 et
547 905 723 936 tenendum
747 903 846 936 libere
871 906 903 935 et
928 903 1035 945 quiete
1061 902 1101 935 ab
1126 903 1214 934 omni
1240 902 1368 934 servitio
1395 905 1427 934 et
1452 902 1682 934 consuetudine

211 977 244 1006 et
259 973 424 1006 exactione
440 972 573 1005 seculari
591 973 673 1005 sicut
688 972 755 1004 ulla
771 972 943 1004 elemosina
962 971 1093 1003 liberius
1107 970 1218 1003 haberi
1235 973 1267 1003 et
1282 971 1384 1003 teneri
1399 973 1513 1013 potest.
1561 970 1607 1002 Et
1622 970 1682 1002 hoe

210 1045 316 1075 totum
329 1041 606 1074 warantizabimus
615 1041 660 1073 eis
677 1052 736 1084 ego
752 1043 784 1073 et
799 1040 931 1073 heredes
946 1040 1009 1072 mei
1023 1042 1132 1072 contra
1145 1050 1255 1072 omnes
1270 1039 1416 1071 homines
1427 1039 1462 1071 in
1478 1042 1679 1081 perpetuum.

210 1111 257 1143 Et
279 1110 338 1143 heo
362 1110 470 1142 omnia
495 1121 546 1142 me
571 1110 709 1142 fideliter
733 1112 765 1141 et
789 1109 924 1141 firmiter
947 1113 1055 1140 tenere
1081 1119 1175 1150 super
1200 1112 1398 1140 sacrosancta
1420 1107 1527 1150 jin-avi
1551 1119 1608 1150 pro
1632 1119 1682 1140 me

211 1181 244 1212 et
266 1178 436 1211 heredibus
458 1178 546 1210 meis.
606 1178 682 1210 Hiis
706 1177 841 1210 testibus
865 1203 871 1209 .
897 1177 1015 1209 HEL1A
1042 1179 1119 1208 tune
1146 1177 1266 1209 decano
1293 1177 1333 1208 de
1356 1176 1454 1207 Novo
1479 1176 1650 1208 CASTELLO
1676 1201 1682 1207 .

212 1248 390 1280 Maxumo
412 1246 609 1289 presbitem.
635 1246 800 1278 MARTINO
822 1246 997 1288 presbitero
1015 1271 1021 1277 .
1047 1245 1208 1277 ERN-mco
1231 1245 1407 1287 presbitero
1425 1270 1431 1276 .
1457 1244 1574 1276 Divm
1597 1255 1684 1286 pres-

212 1317 314 1349 bitero
338 1341 345 1348 .
372 1316 513 1348 Roomo
535 1315 601 1347 filio
619 1314 726 1348 Wm-
751 1340 757 1347 .
783 1314 901 1347 Dum
925 1314 1084 1346 Pumm
1109 1339 1115 1346 .
1141 1313 1306 1346 JOHANNE
1331 1313 1440 1345 Soon.
1468 1313 1593 1346 Gmrsv
1619 1313 1684 1345 filio

212 1385 235 1419 J
237 1396 387 1418 onANms
402 1388 434 1416 et
449 1384 561 1416 multis
578 1384 659 1415 aliis.

258 1454 350 1486 Dark
373 1454 430 1485 red
457 1453 531 1492 seul,
555 1452 690 1495 bearing
714 1452 770 1484 the
794 1452 948 1494 kneeling
975 1452 1078 1494 figure
1101 1451 1135 1484 of
1159 1451 1214 1484 the
1244 1462 1361 1491 owner,
1384 1463 1419 1483 as
1442 1451 1476 1483 in
1503 1450 1683 1484 DGGGU-I.

215 1523 285 1556 The
300 1522 384 1554 label
400 1521 610 1554 inscribed—⁴
622 1521 662 1553 de
677 1521 782 1563 primo
798 1520 928 1564 sigillo.’

256 1590 478 1623 Endorsed-—‘
489 1589 608 1622 Leisan
623 1589 663 1621 de
680 1589 853 1622 Rossaulin
869 1592 901 1622 et
916 1600 1120 1621 communem
1135 1591 1300 1631 pasturam
1315 1589 1399 1620 inter
1412 1589 1509 1621 Avan
1526 1591 1558 1621 et
1573 1588 1684 1620 Neth.'

831 1758 1066 1792 DCCGXVII.

215 1840 376 1875 GRANT
407 1839 472 1872 BY
502 1839 689 1878 LEISAN,
719 1839 808 1872 SON
840 1839 899 1872 OF
929 1839 1142 1877 MORGAN,
1174 1838 1232 1870 TO
1267 1837 1475 1870 MARGAM
1509 1838 1681 1877 ABBEY,

523 1908 582 1939 OF
612 1907 830 1939 PASTURE
862 1907 921 1940 OF
951 1907 1084 1940 LAND
1116 1907 1170 1940 IN
1201 1906 1378 1939 NEATH.

623 1988 754 2032 [HARL.
780 1989 955 2028 ΟΗΑΒτῑ-ικ,
981 1990 1021 2020 75
1046 1989 1080 2021 C.
1106 1989 1173 2030 34]
1279 1988 1399 2019 EARLY
1425 1988 1511 2019 mm
1537 1988 1640 2020 Csxr.

258 2071 424 2105 Vniversis
445 2070 561 2103 Sancte
583 2071 710 2103 ecclesie
727 2070 802 2102 filiis
817 2070 1018 2112 presentibus
1034 2074 1066 2102 et
1082 2070 1201 2102 futuris
1218 2095 1224 2101 .
1243 2069 1373 2101 Lmsix
1390 2069 1475 2101 filius
1491 2069 1657 2101 MORGAM
1675 2094 1682 2102 .

215 2141 360 2173 salutem.

259 2209 373 2241 Sciatis
394 2208 479 2249 quod
501 2218 560 2249 ego
582 2207 714 2239 consilio
735 2210 767 2239 et
791 2218 920 2239 assensu
941 2207 1040 2249 patris
1063 2207 1126 2238 mei
1142 2210 1173 2238 et
1195 2206 1369 2237 amicorum
1392 2216 1536 2237 meorum
1557 2206 1632 2237 dedi
1655 2209 1686 2238 et

214 2277 351 2310 concessi
376 2278 408 2308 et
433 2275 493 2307 hae
514 2278 601 2307 carta
625 2275 809 2307 confirmavi
831 2275 901 2308 Deo
922 2278 954 2307 et
979 2275 1106 2308 ecclesie
1131 2274 1247 2307 Sancte
1270 2274 1389 2305 Mum:
1417 2275 1456 2306 de
1477 2273 1631 2305 MARGAN
1655 2276 1687 2306 et

370 2382 424 2408 511

1745 1448 1820 1484 Dc
