1820 2548
188 215 250 247 780

785 460 958 493 DCCXII.

140 537 302 570 GRANT
340 538 405 571 BY
442 539 610 579 ROGER,
648 540 737 573 SON
768 540 827 573 OF
864 540 1023 574 ROGER
1061 541 1306 583 GRAMMUS,
1345 543 1402 576 ΤΟ
1441 544 1596 585 HUGH,

247 606 328 640 HIS
373 607 609 647 BROTHER,
648 609 707 641 OF
751 609 883 642 LAND
927 609 1163 643 BETWEEN
1207 611 1337 644 THAT
1375 612 1433 644 OF
1469 613 1597 646 JOHN

247 675 344 708 THE
383 676 559 715 PRIEST,
597 677 699 710 AND
737 677 868 710 THAT
905 678 964 711 OF
1001 678 1140 711 ADAM
1176 680 1380 713 ALBERD.

613 757 744 800 [HARL.
770 758 944 799 CHARTER,
968 761 1009 791 75
1034 759 1068 792 Ο.
1093 761 1138 801 4.]

178 836 288 869 Sciant
325 841 485 879 presentes
524 841 555 870 et
592 838 695 870 futuri
724 839 809 881 quod
840 850 899 881 ego
937 839 1098 871 Reatinus
1128 840 1212 872 filius
1250 840 1384 872 Roomu
1423 840 1602 874 Gnnnms

135 916 287 937 consensu
309 908 341 937 et
363 918 491 938 assensu
509 907 629 938 Amcm
652 907 760 939 uxoris
783 918 852 939 mee
876 910 907 939 et
929 907 1081 939 heredum
1105 919 1247 940 meorum
1271 908 1345 940 dedi
1364 911 1395 940 et
1411 909 1547 941 concessi
1562 912 1595 942 et

133 972 191 1005 hac
214 974 349 1015 presenti
376 978 461 1006 carta
484 986 555 1006 mea
578 975 761 1007 confirmavi
784 975 927 1007 HUGom
952 975 1044 1007 fratri
1068 987 1137 1007 meo
1161 979 1277 1008 terram
1305 987 1408 1008 meam
1432 988 1493 1019 que
1511 977 1596 1019 jacet

132 1041 215 1073 inter
235 1046 353 1074 terram
373 1043 395 1075 J
397 1054 547 1075 orusms
569 1044 738 1076 sacerdotis
757 1048 789 1075 et
809 1047 928 1076 terram
947 1055 1008 1086 que
1026 1043 1089 1076 fuit
1110 1044 1188 1076 Am:
1204 1044 1358 1076 ALBERD.
1404 1044 1594 1078 Tenendum

132 1112 162 1141 et
184 1109 366 1142 habendum
383 1111 441 1142 sibi
461 1114 493 1143 et
514 1111 683 1143 heredibus
703 1112 767 1143 suis
787 1112 837 1143 vel
856 1112 927 1154 ejus
947 1112 1115 1154 assignatis
1137 1113 1176 1143 de
1191 1123 1241 1144 me
1257 1115 1289 1144 et
1311 1112 1481 1145 heredibus
1496 1113 1575 1145 meis
1589 1139 1596 1145 .

130 1177 244 1209 libere.
257 1179 363 1220 quiete
377 1182 407 1211 et
424 1180 562 1221 pacifice.
610 1180 786 1212 Reddendo
802 1181 877 1212 inde
889 1181 1056 1212 annuatim
1067 1180 1147 1212 mihi
1163 1183 1195 1212 et
1210 1180 1380 1213 heredibus
1395 1181 1474 1214 meis
1485 1181 1553 1224 ipse
1564 1184 1596 1215 et

130 1245 261 1279 heredes
277 1247 325 1278 sui
343 1248 393 1279 vel
408 1248 478 1289 ejus
494 1249 666 1291 assignatis
682 1260 784 1280 unum
799 1260 857 1290 par
872 1249 1077 1281 cirotecarum
1094 1248 1239 1280 albarum
1261 1249 1295 1280 in
1316 1249 1470 1281 nundinis
1485 1249 1594 1282 Sancti

130 1314 249 1347 JACOBi
272 1318 327 1347 aut
350 1327 450 1347 unum
474 1316 602 1348 obolum
621 1329 678 1359 pro
700 1317 847 1349 omnibus
869 1317 1044 1349 demendis.
1091 1316 1153 1348 Pro
1172 1316 1231 1348 hac
1251 1319 1359 1349 autem
1379 1318 1549 1350 donatione
1564 1320 1596 1351 et

131 1383 327 1415 concessione
344 1384 431 1415 dedit
447 1384 525 1416 mihi
543 1385 692 1426 predictis
708 1385 813 1417 Haeo
828 1385 1047 1427 quadraginta
1063 1385 1177 1416 solidos
1193 1385 1419 1426 sterlingorum
1432 1412 1438 1418 .
1453 1389 1485 1417 et
1500 1386 1591 1418 uxori

132 1462 201 1483 mee
217 1463 317 1483 unum
338 1452 440 1494 jocale
459 1453 500 1484 ad
523 1454 663 1494 precium
680 1480 686 1485 ,
705 1465 767 1486 xm.
785 1454 997 1486 denariorum.
1045 1453 1118 1496 Ego
1134 1465 1207 1486 vero
1226 1456 1257 1485 et
1277 1453 1407 1486 heredes
1427 1454 1490 1486 mei
1509 1454 1593 1487 dioto

132 1518 275 1551 Hrooxx
292 1524 324 1552 et
339 1520 507 1553 heredibus
523 1522 586 1553 suis
598 1522 649 1554 vel
661 1522 730 1564 ejus
746 1523 917 1565 assignatis
933 1523 1052 1554 dietam
1067 1524 1184 1554 terram
1201 1524 1310 1554 contra
1326 1533 1436 1554 omnes
1450 1521 1594 1555 homines

133 1590 165 1619 et
180 1588 315 1621 feminas
326 1590 612 1622 warantizabimus.
658 1590 700 1622 In
714 1591 763 1632 cuj
768 1602 806 1622 us
821 1591 867 1623 rei
881 1591 1102 1623 testimonium
1113 1590 1188 1622 huie
1204 1590 1343 1632 presenti
1355 1594 1438 1622 carte
1450 1590 1593 1633 sigillum

134 1666 241 1687 meum
264 1658 404 1698 apposui.
452 1657 529 1690 Hiis
551 1659 685 1691 testibus
709 1685 715 1690 .
740 1659 893 1691 Rmfflno
923 1659 1142 1691 annmzxffi
1168 1684 1174 1690 .
1199 1662 1276 1690 tunc
1300 1658 1530 1691 constabulario
1555 1659 1594 1691 de

134 1722 340 1768 Kssx[1·:1⁷EG]
367 1751 374 1757 .
399 1725 573 1759 WALTERO
595 1726 734 1759 Leuat.
753 1727 907 1760 anzno
930 1727 1040 1760 clerico
1058 1727 1272 1759 .W1LLELMO
1296 1726 1384 1759 Com
1400 1752 1406 1759 .
1425 1726 1593 1759 Pmurro

136 1792 202 1824 filio
218 1792 333 1825 Dum
358 1820 364 1826 .
388 1794 410 1827 J
413 1806 554 1826 OHANXE
570 1796 729 1828 sacerdote
744 1796 800 1837 qui
815 1795 897 1827 hanc
916 1798 1035 1827 cartam
1051 1795 1173 1837 scripsit
1193 1821 1199 1827 .
1217 1801 1249 1827 et
1264 1795 1374 1827 multis
1390 1795 1470 1827 aliis.

182 1860 301 1893 Round
317 1863 390 1901 sesti,
407 1862 515 1895 brown
531 1874 612 1902 wax,
630 1864 714 1902 lkin.
733 1864 829 1895 diam.
875 1863 908 1896 A
923 1864 1036 1896 seeded
1051 1863 1251 1896 fleur-de-lis.

634 1934 642 1949 ‘
658 1937 689 1968 -Ι-
711 1932 757 1964 s‘.
776 1942 900 1964 Rom-‚Em
918 1958 924 1964 .
943 1932 1099 1964 GRAMUS.’

180 1996 399 2029 Endorsed—‘
415 1997 510 2030 Carta
533 1998 653 2041 Rogeri
677 1998 814 2032 Grauius
834 2000 893 2032 filii
916 1999 1036 2042 Rogeri
1058 1999 1195 2032 Gramus
1221 2001 1260 2032 de
1281 2003 1365 2032 terra
1385 2010 1481 2042 quam
1503 1998 1592 2031 dedit

138 2064 275 2107 Hugoni
291 2066 381 2098 fratri
400 2067 477 2099 suo!
