1820 2548
201 133 264 165 918

791 500 969 533 DCCCVI.

153 582 514 615 CONFIRMATION
568 581 632 613 BY
676 580 861 621 LEISAN,
906 581 994 614 SON
1046 582 1106 614 OF
1156 581 1368 622 MORGAN,
1413 582 1502 615 SON
1553 583 1614 617 OF

259 649 486 688 CARADOC,
519 649 578 681 OF
616 648 696 681 HIS
734 649 965 682 FATHER’S
1003 649 1188 682 GRANTS
1224 650 1279 682 IN
1312 650 1455 691 AVEN,
1486 651 1613 686 NEW·

259 718 444 757 CASTLE,
475 718 585 754 E'm„
616 717 673 750 ΤΟ
705 717 912 750 MARGAM
943 718 1113 751 ABBEY.

685 797 859 840 [MARGAM
889 797 1081 841 CHARTER]

192 879 349 912 Omnibus
364 879 479 912 Sancte
495 890 520 910 e.
538 878 612 910 fflfis
626 890 657 921 p.
675 881 707 910 et
722 878 745 910 f.
764 878 892 910 Lmsffl
908 879 992 911 filius
1015 879 1180 911 MORGANx
1196 881 1254 912 filii
1270 880 1448 914 KARADOCI
1465 882 1610 915 salutem.

193 949 306 980 Sciatis
326 960 377 980 me
395 948 579 980 concessisse
601 950 633 979 et
653 947 712 979 hac
731 958 802 979 mea
824 949 910 979 carta
929 947 1127 980 confirmasse
1146 947 1188 980 D.
1206 951 1237 980 et
1258 948 1297 981 B.
1315 949 1435 981 Minna
1456 954 1488 982 et
1508 950 1555 982 M.
1573 951 1613 984 de

149 1016 303 1048 MARGAN
320 1027 428 1048 omues
444 1015 632 1047 donationes
654 1018 685 1047 et
708 1015 932 1047 conventiones
947 1017 979 1047 et
997 1015 1187 1047 nominatim
1203 1016 1238 1047 in
1253 1017 1413 1049 territorio
1428 1018 1468 1049 de
1485 1017 1612 1050 Avmm

148 1087 181 1116 et
201 1085 241 1116 de
262 1084 360 1116 Novo
382 1083 552 1116 CASTELLO
572 1095 651 1125 quas
671 1086 762 1125 pater
782 1095 871 1115 meus
893 1083 1089 1115 MARGANUS
1109 1084 1193 1115 filius
1214 1084 1392 1117 KARADOCI
1416 1088 1448 1117 et
1468 1085 1613 1119 homines

149 1152 221 1195 ejus
246 1152 391 1185 fecerunt
417 1152 567 1194 predictis
593 1151 756 1183 monachis
779 1154 817 1183 ut
840 1151 978 1183 habeant
1003 1154 1034 1183 et
1057 1154 1188 1184 teneant
1212 1164 1263 1184 eas
1288 1153 1368 1185 sieut
1395 1165 1505 1186 eorum
1527 1156 1613 1187 carte

148 1223 308 1253 testantur
325 1221 441 1252 liberas
455 1223 487 1252 et
507 1220 630 1262 quietas
649 1220 689 1252 ab
705 1220 792 1252 omni
808 1220 1035 1252 consuetudine
1055 1220 1187 1252 seculari
1205 1223 1237 1252 et
1255 1221 1383 1253 servitio
1399 1224 1431 1253 et
1446 1222 1611 1254 exactione

148 1289 227 1320 siout
255 1289 321 1320 ulla
346 1289 518 1321 elemosina
542 1288 672 1320 liberius
696 1288 806 1320 haberi
833 1291 863 1319 et
888 1288 990 1320 teneri
1012 1290 1123 1330 potest.
1171 1288 1216 1320 Et
1237 1300 1296 1331 ego
1320 1290 1532 1322 warantizabo
1556 1301 1609 1323 eas

150 1357 282 1399 prefatis
302 1357 464 1388 monachis
486 1360 595 1388 contra
617 1367 726 1388 omnes
740 1356 885 1388 homines
904 1356 938 1387 in
959 1359 1156 1398 perpetuum.
1204 1357 1301 1389 Hanc
1319 1360 1426 1389 autem
1442 1358 1607 1390 confirma-

150 1426 271 1457 tionem
297 1425 355 1457 feci
383 1426 510 1467 quando
536 1436 648 1467 eorpus
678 1435 785 1456 meum
815 1424 889 1456 dedi·
915 1425 1035 1466 prefate
1063 1425 1172 1456 domui
1199 1428 1235 1457 ut
1266 1425 1310 1457 ibi
1337 1426 1508 1468 sepeliatur
1538 1437 1612 1458 cum

150 1497 295 1526 mortuus
319 1494 418 1526 fuero.
466 1493 544 1525 Hiis
564 1493 698 1526 testibus
720 1518 726 1524 .
751 1493 869 1524 HELIA
892 1493 1011 1525 decano
1030 1493 1069 1524 de
1090 1492 1187 1525 Novo
1210 1492 1380 1524 CASTELLO
1404 1519 1410 1525 .
1435 1493 1613 1526 MAtmrrlo

152 1561 336 1604 presbytero
360 1561 469 1593 Sancti
490 1561 615 1593 Onnom
636 1586 642 1592 .
666 1560 827 1593 HEcho
847 1560 1030 1602 presbytero
1053 1561 1092 1592 de
1116 1560 1230 1592 PONTE
1255 1586 1260 1592 .
1287 1560 1402 1592 DAvm
1427 1561 1585 1594 PUIGNEL
1605 1587 1612 1594 .

151 1629 299 1661 ANDREA
316 1632 393 1661 tuno
409 1629 570 1661 cellarario
586 1630 624 1661 de
642 1629 794 1661 MARGAN
813 1654 819 1660 .
838 1628 1031 1661 WannLMO
1047 1629 1086 1660 de
1101 1628 1220 1661 VALLE
1236 1629 1391 1661 monacho
1409 1655 1414 1661 .
1434 1629 1614 1662 GNAITURO

153 1708 301 1729 converso
317 1697 461 1739 ejusdem
478 1698 599 1729 domus.

198 1764 280 1805 Seal,
297 1766 353 1797 red
369 1777 449 1802 wax,
470 1766 553 1807 l{in.
572 1766 668 1798 diam.
716 1765 909 1807 Equestrian
925 1768 1001 1807 type
1016 1777 1050 1796 as
1066 1765 1173 1798 before
1192 1766 1255 1806 (see
1270 1765 1334 1797 No.
1352 1765 1532 1807 DCOOII.)

198 1833 386 1876 Legend—‘
398 1845 464 1866 εισι
483 1860 489 1865 .
509 1860 514 1865 .
534 1860 540 1865 .
561 1860 566 1865 .
586 1833 615 1865 L’
639 1833 817 1866 monemus

200 1902 420 1934 Endorsed—‘
432 1902 641 1935 Confirmatio
664 1902 783 1935 Leisan
807 1901 985 1945 generalis.’
1030 1901 1108 1934 And
1130 1902 1162 1934 in
1183 1913 1203 1933 a
1224 1902 1306 1934 later
1323 1901 1464 1934 hand—‘
1474 1903 1514 1935 de
1531 1905 1616 1936 terra

155 1969 190 2001 in
205 1970 300 2002 Aven
315 1972 347 2002 et
363 1969 457 2002 Novo
473 1969 607 2003 Castro)
