1820 2548
1546 163 1607 193 755

851 302 983 335 DCXC.

199 402 394 442 CRADOO,
427 402 513 434 SON
545 402 604 434 OF
636 402 834 434 GRIFFIN
867 402 1040 441 BEGAN,
1073 402 1258 435 GRANTS
1288 402 1420 435 LAND
1453 402 1504 434 IN
1536 403 1633 435 LAN

302 470 509 510 LEUDER,
541 470 674 502 NEAR
706 470 909 509 OAERAU,
942 470 1000 503 TO
1031 470 1236 504 WALTER
1266 471 1330 503 DE
1362 471 1535 503 REGNY.

680 563 784 606 [Ann.
810 564 985 603 ΟΗΑΒΤΕΒ,
1010 563 1156 606 24‚292.]
1549 564 1625 597 SD.

227 658 336 690 Sciant
359 664 519 700 presentes
542 660 574 689 et
597 658 699 689 futuri
716 659 801 699 quod
824 669 883 699 ego
901 658 1075 690 Omnocvs
1091 658 1175 690 filius
1200 658 1364 690 GRIFFINI
1382 658 1503 690 BEGAN
1521 659 1593 690 dedi
1618 663 1649 690 et

185 727 321 758 concessi
337 731 369 758 et
385 726 444 758 hae
460 726 599 768 presenti
615 729 702 758 carta
717 737 788 757 mea
804 727 989 758 confirmavi
1006 726 1182 759 WALTERO
1198 728 1237 758 de
1256 726 1379 758 REGNv
1396 738 1450 758 sex
1466 739 1553 759 acras
1568 731 1650 759 terre

184 795 312 826 arabilis
334 797 367 826 et
390 805 491 825 unum
516 794 734 836 messuagium
758 805 830 825 cum
854 794 1022 836 cm·tilagio
1046 798 1078 826 et
1100 797 1205 826 totum
1220 794 1350 826 boscum
1373 806 1481 826 mcum
1497 799 1529 826 et
1549 800 1650 827 totam

183 867 347 905 pasturam
377 874 481 894 meam
512 862 545 893 in
572 865 756 894 tenemento
782 863 821 894 de
854 862 930 894 LAN
962 862 1108 894 LEUDER
1134 866 1165 895 et
1192 875 1264 894 cum
1291 864 1497 895 advocatione
1524 864 1651 896 ecclesie

185 931 329 972 ejusdem
344 931 404 963 loci
420 932 459 962 de
480 930 557 962 ΒΑΝ
574 930 720 962 LEUDER
736 934 893 973 quantum
910 933 950 963 ad
966 943 1016 963 me
1032 932 1171 973 pertinet
1183 943 1319 973 quarum
1336 944 1409 964 vero
1425 932 1566 974 quinque
1583 944 1652 965 acre

185 1000 320 1031 arabiles
341 999 448 1041 jacent
472 999 531 1030 sub
554 999 680 1030 MONTE
704 999 778 1031 Bm·
802 1000 886 1031 inter
909 1004 1026 1032 terram
1050 1011 1110 1042 que
1135 1004 1254 1042 spectat
1277 1002 1318 1032 ad
1334 987 1495 1032 ecclesiam
1512 1002 1551 1032 de
1574 1001 1649 1032 LAN

186 1068 331 1100 Lmvmzn
353 1070 385 1099 et
408 1071 526 1099 terram
549 1072 626 1099 tunc
649 1067 771 1099 EmoN
796 1068 869 1100 Koc
892 1068 924 1099 in
941 1080 1006 1100 una
1022 1069 1146 1100 cultura
1162 1069 1247 1100 unde
1264 1080 1365 1100 unum
1381 1070 1483 1111 capud
1499 1065 1603 1101 tendit
1620 1081 1651 1101 se

185 1137 226 1168 ad
242 1136 362 1168 dictam
378 1135 531 1167 MONTEM
548 1135 622 1167 Bn-
639 1141 670 1167 et
686 1136 824 1167 alterum
847 1137 950 1178 capud
966 1137 1007 1168 ad
1023 1141 1152 1178 pratum
1168 1138 1252 1178 quod
1269 1138 1430 1178 quondam
1447 1138 1510 1169 fuit
1526 1137 1652 1169 Tamna

188 1204 262 1236 Koc
277 1207 307 1236 et
319 1205 456 1246 quedam
469 1204 603 1236 dimidia
615 1215 686 1236 acra
698 1204 783 1246 jacet
798 1216 893 1247 supra
909 1208 1050 1237 montem
1066 1205 1150 1237 inter
1165 1208 1283 1237 terram
1299 1213 1376 1237 tunc
1389 1206 1472 1237 Bm
1486 1205 1608 1238 BEGAN
1621 1211 1653 1238 et

182 1276 301 1305 terram
328 1276 405 1304 tunc
432 1272 548 1304 LEUffl
578 1273 686 1304 relicte
714 1272 878 1305 GRIFFINI
907 1273 1029 1305 BEGAN
1057 1273 1150 1316 cujus
1177 1284 1277 1305 uuum
1304 1274 1407 1315 capud
1430 1275 1533 1306 tendit
1557 1286 1588 1306 se
1611 1276 1652 1306 ad

184 1352 337 1384 magnam
353 1341 438 1372 viam
454 1352 518 1383 qua
532 1341 598 1373 itur
614 1352 632 1373 a
649 1342 725 1373 villa
741 1343 780 1373 de
804 1341 880 1373 ΒΑΝ
901 1341 1047 1373 mesn
1062 1354 1170 1374 versus
1187 1341 1333 1374 LANDAF
1349 1347 1381 1374 et
1397 1342 1534 1375 alterum
1550 1344 1653 1385 capud

183 1410 288 1441 tendit
313 1421 345 1441 se
369 1410 411 1441 ad
436 1413 537 1441 metas
562 1410 602 1441 de
627 1410 659 1441 la
683 1409 808 1441 KAYRE
832 1413 863 1441 et
889 1410 990 1441 altera
1015 1411 1149 1442 dimidia
1173 1422 1245 1442 acra
1268 1411 1353 1452 jacet
1376 1411 1408 1441 in
1433 1422 1544 1453 campo
1568 1413 1653 1453 quod

184 1481 313 1510 vocatur
334 1481 419 1510 terra
435 1477 569 1509 YTHEL.
617 1477 838 1520 Messuagium
859 1489 933 1510 vero
955 1489 1026 1510 cum
1047 1479 1216 1521 curtilagio
1236 1479 1321 1520 jacet
1343 1479 1427 1511 inter
1448 1482 1554 1511 ortum
1576 1484 1653 1512 tunc

182 1546 265 1578 Rnffl
283 1546 406 1578 BEGAN
423 1548 454 1578 et
470 1548 576 1578 ortum
591 1551 668 1578 tune
685 1547 825 1588 predicte
846 1546 973 1578 LEUKI.
1036 1546 1226 1579 Tenendum
1242 1550 1274 1578 et
1290 1547 1474 1579 habendum
1492 1549 1531 1580 de
1546 1560 1596 1580 me
1621 1552 1652 1581 et

182 1614 351 1646 heredibus
375 1615 454 1646 meis
479 1614 540 1646 sibi
566 1619 596 1646 et
622 1614 791 1646 heredibus
816 1615 880 1646 suis
906 1615 955 1647 vel
980 1616 1150 1658 assignatis
1173 1616 1237 1647 suis
1266 1616 1363 1647 iibere
1388 1616 1494 1657 quiete
1520 1617 1650 1658 pacifice

183 1683 308 1724 integre
324 1685 355 1715 et
371 1683 572 1715 hereditarie.
620 1683 798 1715 Reddendo
821 1684 896 1715 inde
923 1684 1092 1715 annuatim
1116 1684 1197 1716 mihi
1213 1688 1244 1716 et
1260 1684 1429 1716 heredibus
1445 1685 1523 1717 meis
1538 1686 1604 1727 ipse
1620 1689 1651 1718 et

182 1751 313 1782 heredes
350 1752 398 1782 sui
425 1751 476 1782 vel
513 1752 668 1794 assignati
699 1752 748 1783 sui
780 1763 881 1785 unum
920 1764 976 1794 par
1014 1752 1160 1784 albarum
1198 1753 1427 1784 cirothecarum
1464 1754 1512 1785 vel
1551 1766 1650 1786 unum

183 1819 351 1851 denarium
373 1819 458 1850 infra
473 1819 670 1861 quindenam
687 1820 772 1851 beati
795 1820 991 1852 Mzcnsssms
1014 1832 1071 1862 pro
1095 1821 1243 1853 omnibus
1265 1822 1404 1853 serviciis
1427 1823 1562 1863 querelis
1578 1834 1648 1855 con-

183 1887 406 1919 suetudinibus
421 1887 512 1919 scotis
527 1888 687 1920 curiarum
703 1891 735 1920 et
751 1889 917 1920 demendis
940 1889 1142 1921 secularibus.
1191 1889 1254 1922 Pro
1270 1890 1332 1921 hiis
1346 1894 1454 1922 autem
1477 1891 1651 1924 donacione

184 1956 381 1987 concessione
409 1959 441 1987 et
467 1956 567 1998 sigilli
591 1957 654 1988 mei
681 1957 923 1988 confirmacione
954 1958 1043 1989 dedit
1073 1958 1152 1989 mihi
1180 1959 1340 2000 predictus
1368 1958 1562 1991 WAL'rERUs
1589 1965 1651 1992 tres

181 2035 303 2056 marcas
319 2026 351 2055 et
366 2024 533 2056 dimidiam
549 2024 777 2067 sterlingorum
793 2025 827 2057 in
843 2026 1072 2068 recognicione.
1120 2026 1193 2068 Ego
1209 2037 1282 2058 vero
1298 2026 1458 2068 predictus
1475 2026 1650 2059 Omma-s

180 2095 214 2124 et
235 2093 366 2125 heredes
381 2093 444 2124 mei
468 2093 552 2124 dicto
570 2092 746 2125 WALTERO
762 2096 794 2125 et
810 2093 980 2126 heredibus
1001 2094 1066 2126 suis
1082 2095 1132 2125 vel
1149 2095 1319 2137 assignatis
1334 2096 1399 2127 suis
1414 2096 1572 2137 predictas
1594 2109 1649 2128 sex

180 2172 267 2193 acras
287 2172 360 2193 cum
382 2161 475 2193 dictis
496 2161 675 2203 messuagio
697 2164 730 2193 et
754 2161 923 2204 curtilagio
947 2163 1155 2195 advocacione
1178 2168 1309 2205 pastura
1330 2163 1422 2196 bosco
1445 2167 1476 2196 et
1503 2165 1651 2197 omnibus

180 2229 384 2272 pertinenciis
407 2229 472 2261 suis
486 2232 596 2261 contra
619 2241 728 2262 omnes
745 2230 890 2262 homines
905 2232 937 2262 et
957 2231 1094 2263 feminas
1116 2231 1150 2263 in
1167 2234 1357 2273 perpetuum
1375 2232 1652 2265 warentizabimus
