1820 2548
233 221 315 252 1150

232 375 393 408 Rossmvs
418 376 458 407 de
485 374 713 407 Bnnxmoms
737 374 793 406 dat
817 373 947 406 domino
971 385 1026 406 xx.
1053 374 1168 406 solidos
1194 385 1251 417 pro
1275 373 1406 406 licencia
1436 373 1646 406 concordandi

188 455 261 476 eum
277 443 472 477 Wmnorsn
488 443 554 475 filia
569 442 715 475 chmzm
731 441 878 474 vamu)
893 442 1030 484 junioris
1051 443 1091 474 de
1112 444 1294 475 tenemento
1317 442 1350 473 in
1374 441 1647 474 MARTHELMAUR

188 512 332 555 plegium
348 511 489 544 qumo
506 510 687 543 KEMMEYS.

231 580 451 612 Endorsed—‘
464 578 614 611 Liceneia
631 578 750 621 Rogeri
766 578 954 610 Berkeroles
969 578 1201 611 coneordandi.’

750 721 1082 755 DCCGOXXXVII.

186 803 470 840 QUIT-CLAIM
512 803 577 835 BY
619 802 771 836 DAVID
812 802 874 834 ΑΡ
915 802 1096 835 WELYM
1137 802 1194 835 TO
1236 802 1313 835 SIR
1355 802 1542 835 ROBERT
1578 802 1644 835 DE

294 871 488 911 PENRES,
532 870 654 909 KNT..
692 870 751 902 OF
793 870 925 902 LAND
962 870 1025 903 AT
1066 870 1258 903 REUROZ
1299 870 1361 903 ΟΒ
1400 870 1643 904 REWROGH

292 940 345 972 IN
376 938 678 971 LANDYMORE
709 938 810 970 FEE.

717 1013 890 1056 [MARGAM
917 1013 1109 1056 CHARTER]

1015 1083 1055 1113 16
1078 1082 1175 1114 Sam.
1221 1084 1241 1114 2
1265 1082 1360 1114 EDW.
1386 1081 1455 1114 ΙΙΙ.
1504 1083 1597 1115 1328.

223 1159 337 1190 Pateat
360 1157 515 1189 universis
530 1168 586 1198 per
607 1159 767 1198 presentes
783 1157 869 1198 quod
884 1168 944 1199 ego
959 1156 1076 1188 DAvm
1099 1168 1140 1198 ap
1158 1156 1294 1189 W’ELYM
1317 1157 1425 1189 remisi
1447 1160 1479 1189 et
1502 1157 1643 1189 relaxavi

180 1230 212 1259 et
237 1227 367 1259 omnino
386 1237 443 1267 pro
458 1236 509 1256 me
525 1229 557 1256 et
577 1224 747 1257 heredibus
769 1225 847 1257 meis
862 1228 894 1257 et
914 1225 1083 1267 assignatis
1103 1225 1328 1268 inperpetuum
1345 1225 1490 1267 quietum
1507 1226 1641 1258 clamavi

179 1295 310 1327 domino
335 1294 492 1326 Romfflro
520 1293 559 1325 de
584 1292 720 1324 PER-uns
747 1293 842 1325 militi
867 1293 1035 1325 heredibus
1061 1293 1126 1325 suis
1149 1298 1181 1325 et
1205 1294 1374 1336 assignatis
1398 1296 1503 1326 totum
1525 1294 1579 1336 jus
1609 1297 1641 1327 et

181 1363 331 1395 elamium
353 1362 438 1404 quod
456 1361 567 1400 habeo,
584 1360 682 1392 habui
698 1361 748 1392 vel
769 1361 892 1393 ratione
915 1361 1051 1402 alicujus
1072 1361 1154 1403 juris
1172 1361 1288 1393 habere
1306 1362 1397 1403 potui
1412 1362 1463 1393 vel
1479 1364 1589 1404 potero
1607 1362 1642 1394 in

178 1430 326 1463 omnibus
349 1430 441 1462 terris
467 1433 498 1461 et
519 1429 711 1460 tenementis
730 1440 802 1461 eum
822 1429 1026 1471 pertinenciis
1047 1430 1133 1471 apud
1154 1429 1294 1461 Rnuuoz
1317 1430 1350 1461 in
1373 1429 1466 1462 feodo
1488 1430 1528 1462 de
1548 1429 1641 1462 LAN-

180 1510 295 1530 muwmn
311 1510 372 1540 que
389 1498 551 1540 quondam
573 1497 705 1528 fuerunt
721 1496 906 1529 WILLELMI
932 1509 971 1539 ap
988 1497 1146 1529 HOUWEL
1167 1497 1266 1539 patris
1286 1498 1359 1537 mei,
1376 1509 1437 1540 que
1458 1500 1641 1531 tenementa

179 1568 265 1599 idem
281 1567 429 1598 dominus
446 1566 625 1597 Ronssmcs
641 1565 754 1597 habuit
770 1577 808 1597 ex
825 1566 1021 1598 concessione
1042 1566 1214 1597 Honwsm
1231 1578 1271 1608 ap
1288 1566 1426 1599 WELYM
1443 1566 1551 1599 fratris
1566 1568 1638 1600 mei.

178 1635 231 1667 Ita
256 1635 341 1677 quod
367 1645 424 1666 nee
451 1645 510 1676 ego
536 1634 653 1665 DAvm
680 1644 737 1665 nee
764 1633 894 1665 heredes
919 1634 981 1665 mei
1008 1645 1064 1665 nee
1088 1634 1202 1676 aliquis
1225 1646 1281 1676 per
1306 1646 1362 1666 nos
1386 1646 1444 1677 pro
1468 1634 1559 1667 nobis
1581 1647 1638 1668 seu

180 1703 309 1735 nomine
330 1705 438 1734 nostro
453 1702 487 1733 in
503 1702 652 1743 predictis
671 1702 763 1733 terris
783 1704 814 1733 et
829 1702 1019 1734 tenementis
1039 1714 1111 1734 cum
1131 1702 1332 1744 pertinentiis
1350 1703 1472 1745 aliquid
1491 1703 1574 1746 juris
1591 1704 1643 1736 vel

179 1771 285 1803 elamii
321 1771 464 1803 decetero
497 1770 624 1812 exigere
663 1770 837 1812 poterimus
859 1781 914 1802 seu
938 1770 1104 1802 vendicare
1128 1774 1175 1802 set
1198 1782 1255 1813 per
1276 1783 1404 1813 presens
1427 1772 1579 1814 seriptum
1601 1772 1642 1805 ab

182 1839 365 1871 omnimoda
402 1838 525 1870 actione
563 1839 787 1880 inperpetuum
825 1838 923 1870 simus
959 1839 1086 1870 exclusi.
1134 1839 1176 1870 In
1213 1839 1305 1881 eujus
1341 1839 1386 1871 rei
1424 1840 1643 1872 testimonium

180 1907 323 1949 sigillum
348 1917 455 1938 meum
482 1905 682 1948 presentibus
706 1906 846 1948 apposui.
908 1906 985 1938 Hiis
997 1906 1129 1939 testibus
1146 1933 1152 1939 .
1170 1907 1334 1940 JOHANNE
1358 1908 1398 1939 de
1423 1908 1455 1939 la
1480 1908 1586 1940 MARE
1601 1909 1641 1941 de

180 1973 401 2007 LANGEm'rH’
420 1999 426 2005 .
445 1973 599 2006 RmAnno
618 1973 795 2006 SCURLAGE
813 1999 819 2005 .
838 1974 990 2006 RICARDO
1012 1974 1164 2006 MANXEL
1182 2000 1188 2007 .
1207 1974 1401 2008 WILLELMO
1416 1976 1455 2007 de
1478 1975 1615 2008 mems
1632 2001 1639 2008 .

179 2042 345 2074 JOHANNE
362 2041 481 2073 Ronm
498 2042 537 2073 de
554 2041 782 2074 LAix-anvffl’
801 2067 807 2073 .
825 2041 967 2074 Tuoms
982 2042 1098 2074 Imm)
1114 2043 1153 2074 de
1168 2042 1396 2075 LANGENYTH'
1414 2068 1420 2075 .
1438 2046 1470 2075 et
1485 2044 1564 2076 aliis.

224 2110 347 2142 Datum
369 2111 455 2152 apud
472 2110 609 2141 Pax-uss
630 2111 842 2143 sextodecimo
857 2111 909 2142 die
930 2110 1125 2153 Septembris
1141 2122 1225 2143 anno
1241 2111 1333 2154 regni
1350 2111 1450 2154 Regis
1470 2111 1640 2145 Enwmzm

178 2178 266 2210 tertii
281 2183 352 2220 post
368 2181 577 2219 conquestum
592 2179 739 2210 seeundo.

224 2245 297 2278 Seal
315 2245 469 2287 wanting.

224 2313 446 2345 Endorsed-‘
461 2313 656 2356 Rewrogh’.'
