1820 2548
224 148 288 179 926

181 302 300 334 MARm
323 304 362 335 de
383 303 535 335 MARGAN
559 306 591 336 et
611 315 653 335 m.
671 303 690 335 i.
714 303 755 335 D.
773 315 796 335 s.
815 329 822 335 .
840 306 872 335 et
892 303 991 336 eciam
1011 314 1105 346 super
1125 306 1321 336 sacrosancta.
1343 303 1487 345 ejusdem
1510 303 1637 336 eeolesie

177 371 283 413 juravi
310 398 316 403 .
342 372 426 413 quod
451 373 592 404 deeetero
617 372 768 414 quioquid
791 371 943 404 haetenus
965 371 1092 404 fecerim
1113 372 1248 404 fideliter
1268 371 1382 404 tenebo
1402 382 1511 404 omnes
1533 372 1634 404 cartas

180 443 212 471 et
236 450 344 471 omnes
367 440 620 471 confirmationes
641 442 872 471 antecessorum
898 450 1040 472 meorum
1066 465 1072 472 .
1095 440 1211 472 seilicet
1235 440 1335 482 patris
1360 439 1423 471 mei
1446 442 1478 471 et
1499 439 1637 471 fratrum

180 518 323 540 meorum
340 534 346 540 .
364 511 395 540 et
418 508 564 540 similiter
579 519 688 540 omnes
709 511 811 540 cartas
826 519 912 540 meas
928 533 934 540 .
952 510 983 540 et
1005 509 1257 541 confirmationes
1273 511 1304 540 et
1320 508 1545 540 conventiones
1559 518 1638 550 quas

180 577 272 608 dietis
295 576 457 609 monachis
480 576 550 609 feei.
597 576 743 609 Coneessi
765 577 863 608 eciam
886 577 1005 608 eisdem
1025 579 1057 608 et
1078 577 1262 608 confirmavi
1285 579 1317 608 et
1333 587 1427 618 super
1442 577 1638 608 sauromata

180 645 286 686 juravi
303 671 309 676 .
328 645 413 686 quod
429 656 595 686 nunquam
611 645 754 676 decetero
771 644 952 676 disseisiabo
968 656 1020 676 eos
1035 644 1075 677 ab
1090 644 1197 686 aliquo
1221 646 1406 676 tenemento
1430 644 1515 686 quod
1535 644 1574 676 de
1589 654 1641 676 me

178 716 291 746 tenent
307 739 313 745 .
331 725 388 745 neo
411 713 565 746 amovebo
590 724 648 745 nec
666 713 783 745 faciam
804 713 942 745 amoveri
963 713 1068 745 averia
1088 724 1196 745 eorum
1212 712 1252 745 ab
1275 712 1434 754 aliquibus
1449 711 1640 744 tenementis

180 793 240 823 que
261 782 301 814 de
324 793 374 813 me
395 783 507 813 tenent
528 784 657 824 propter
672 781 813 823 aliquam
829 792 963 813 eausam.
1010 780 1065 813 Set
1081 781 1107 812 si
1122 781 1230 822 aliqua
1253 780 1464 812 controversia
1479 779 1640 812 emerserit

178 850 261 882 inter
286 861 343 881 nos
367 875 372 881 .
398 861 436 882 ex
462 852 552 891 parte
583 861 653 881 mea
679 849 730 881 vel
755 861 794 881 ex
821 851 910 891 parte
934 849 1161 881 monachorum
1185 873 1192 881 .
1217 848 1440 880 emendabitur
1469 848 1554 880 inter
1583 858 1641 880 nos

179 917 390 949 amicabiliter
415 918 441 949 si
469 917 536 949 fieri
564 920 677 960 potest.
724 917 820 952 Quod
847 917 872 949 si
898 928 962 949 non
987 919 1089 958 potest
1114 943 1120 948 .
1147 916 1369 948 emendabitur
1391 927 1447 958 per
1469 915 1638 948 arbitrium

179 987 315 1018 duorum
337 987 387 1018 vel
409 986 508 1018 trium
531 987 672 1018 virorum
693 997 732 1018 ex
754 988 887 1027 utraque
907 987 997 1027 parte
1021 986 1062 1017 ad
1086 985 1143 1016 hec
1168 985 1348 1016 electorum.
1396 984 1481 1016 Etsi
1499 983 1635 1016 fideliter

181 1055 287 1086 omnia
309 1055 370 1086 ista
393 1066 458 1086 11011
481 1054 686 1086 observavero
704 1080 710 1086 .
728 1054 807 1086 bene
823 1054 919 1085 faeiat
940 1056 1049 1085 saneta
1064 1053 1191 1085 ecclesia
1213 1053 1364 1094 quioquid
1387 1053 1426 1084 ad
1444 1064 1476 1084 se
1491 1051 1639 1094 pertinet.

181 1122 335 1155 Similiter
356 1125 386 1154 et
407 1124 447 1154 de
469 1123 632 1154 monachis
648 1148 655 1154 .
673 1122 699 1154 si
715 1134 754 1153 ex
777 1124 866 1164 parte
889 1133 945 1153 sua
966 1121 1027 1153 ista
1047 1132 1111 1153 11011
1133 1121 1334 1152 servaverint.
1382 1120 1427 1152 Et
1442 1123 1478 1152 ut
1495 1121 1551 1152 hee
1566 1131 1640 1152 oon-

182 1191 277 1223 cessio
300 1202 370 1223 mea
393 1195 462 1223 rata
485 1193 671 1232 permaneat
692 1193 723 1222 et
744 1190 928 1222 inconeussa
944 1213 951 1221 .
968 1189 1106 1231 presenti
1127 1191 1213 1221 carta
1233 1188 1332 1231 sigilli
1353 1189 1416 1220 mei
1438 1188 1643 1230 impressione

182 1259 328 1291 roborata
351 1285 357 1291 .
378 1260 512 1291 eandem
535 1259 728 1291 confirmavi.
775 1258 853 1290 Hiis
875 1257 1009 1289 testibus
1025 1282 1032 1288 .
1052 1257 1243 1289 Rinnrpno
1263 1257 1303 1288 de
1324 1256 1422 1288 Novo
1447 1255 1616 1288 CASTELLO
1634 1281 1640 1287 .

186 1328 363 1360 GREGORIO
379 1327 541 1369 capellano
558 1328 597 1359 de
613 1327 738 1358 Avmm
756 1351 762 1357 .
781 1326 972 1358 Rmumno
988 1336 1120 1367 persona
1136 1326 1175 1356 de
1192 1324 1295 1356 Nnrn
1313 1349 1319 1355 .
1338 1324 1427 1356 Rssso
1443 1324 1483 1356 ab
1500 1324 1621 1356 Roenn
1634 1349 1641 1356 .

186 1396 375 1429 anermo
398 1395 497 1427 fratre
522 1395 592 1438 ejus
615 1421 621 1427 .
647 1394 807 1427 Romznro
829 1394 929 1427 Semo
953 1420 959 1426 .
983 1394 1004 1426 J
1007 1405 1107 1426 Acosso
1128 1396 1206 1426 tunc
1226 1393 1412 1436 suppriore.
1433 1392 1589 1424 Osmznno
1613 1394 1646 1424 et

188 1464 314 1497 Tuom
341 1465 379 1496 de
407 1463 564 1496 CANTELO
590 1463 752 1495 monachis
778 1489 784 1494 .
815 1463 949 1494 Ruzuno
973 1465 1005 1494 et
1031 1461 1139 1493 EsrUs
1162 1461 1320 1494 conversis
1343 1462 1382 1493 de
1405 1461 1558 1492 MARGAN
1583 1485 1590 1493 .
1615 1462 1647 1493 et,

190 1533 302 1565 multis
317 1533 396 1564 aliis.

234 1601 412 1643 Fragment
428 1600 462 1634 of
476 1600 531 1633 the
547 1600 621 1640 seal,
637 1611 734 1642 green
751 1611 831 1638 wax,
849 1599 1028 1641 equestrian
1044 1601 1130 1640 type.

647 1672 654 1686 ‘
672 1674 704 1705 4-
725 1680 740 1700 s
757 1693 891 1700 ......
909 1678 1001 1699 mono
1019 1691 1154 1699 ......
1173 1666 1180 1680 ’

238 1738 459 1770 Endorsed——‘
472 1737 679 1773 Confirmat&
695 1736 846 1779 Morgani
861 1735 949 1768 Knm
965 1736 1004 1767 de
1021 1734 1168 1767 omnibus
1183 1735 1277 1767 cartis
1297 1735 1361 1767 suis
1376 1738 1408 1766 et
1428 1734 1528 1776 patris
1547 1733 1597 1766 sui
1619 1735 1652 1766 et

497 1805 505 1819 ²

196 1807 332 1838 fratrum
355 1817 492 1838 suorum.
550 1805 627 1837 And
649 1805 682 1836 in
706 1816 725 1836 a
747 1804 828 1836 later
850 1804 990 1836 hand—⁴
1003 1803 1097 1838 Quod
1120 1814 1185 1835 non
1207 1813 1363 1845 ponamur
1385 1802 1416 1834 in
1441 1802 1595 1844 placitum
1616 1801 1651 1833 in

197 1875 283 1906 curia
299 1875 338 1905 de
354 1873 489 1905 Avena.’
