<?xml version="1.0" encoding="UTF-8"?>
<!DOCTYPE html PUBLIC "-//W3C//DTD XHTML 1.0 Transitional//EN"
    "http://www.w3.org/TR/xhtml1/DTD/xhtml1-transitional.dtd">
<html xmlns="http://www.w3.org/1999/xhtml" xml:lang="en" lang="en">
 <head>
  <title>
</title>
<meta http-equiv="Content-Type" content="text/html;charset=utf-8" />
  <meta name='ocr-system' content='tesseract 3.04.00' />
  <meta name='ocr-capabilities' content='ocr_page ocr_carea ocr_par ocr_line ocrx_word'/>
</head>
<body>
  <div class='ocr_page' id='page_1' title='image "./cartaeetaliamuni03claruoft_0017.png"; bbox 0 0 1820 2548; ppageno 0'>
   <div class='ocr_carea' id='block_1_1' title="bbox 1526 162 1589 193">
    <p class='ocr_par' dir='ltr' id='par_1_1' title="bbox 1526 162 1589 193">
     <span class='ocr_line' id='line_1_1' title="bbox 1526 162 1589 193; baseline -0.016 0"><span class='ocrx_word' id='word_1_1' title='bbox 1526 162 1589 193; x_wconf 88' lang='grc'>719</span> 
     </span>
    </p>
   </div>
   <div class='ocr_carea' id='block_1_2' title="bbox 170 317 1647 1252">
    <p class='ocr_par' dir='ltr' id='par_1_2' title="bbox 170 317 1647 1252">
     <span class='ocr_line' id='line_1_2' title="bbox 170 317 1635 360; baseline -0.003 -6"><span class='ocrx_word' id='word_1_2' title='bbox 170 324 202 355; x_wconf 85' lang='lat' dir='ltr'>et</span> <span class='ocrx_word' id='word_1_3' title='bbox 217 322 390 354; x_wconf 83' lang='lat' dir='ltr'>tenendam</span> <span class='ocrx_word' id='word_1_4' title='bbox 405 321 524 353; x_wconf 86' lang='lat' dir='ltr'>dictam</span> <span class='ocrx_word' id='word_1_5' title='bbox 539 320 708 352; x_wconf 73' lang='lat' dir='ltr'><strong>dimidiam</strong></span> <span class='ocrx_word' id='word_1_6' title='bbox 723 331 829 352; x_wconf 87' lang='lat' dir='ltr'>acram</span> <span class='ocrx_word' id='word_1_7' title='bbox 850 319 910 351; x_wconf 84' lang='lat' dir='ltr'>sibi</span> <span class='ocrx_word' id='word_1_8' title='bbox 925 321 958 350; x_wconf 82' lang='lat' dir='ltr'>et</span> <span class='ocrx_word' id='word_1_9' title='bbox 973 318 1142 350; x_wconf 84' lang='lat' dir='ltr'>heredibus</span> <span class='ocrx_word' id='word_1_10' title='bbox 1163 318 1228 350; x_wconf 85' lang='lat' dir='ltr'>suis</span> <span class='ocrx_word' id='word_1_11' title='bbox 1247 329 1326 360; x_wconf 91' lang='lat' dir='ltr'>quos</span> <span class='ocrx_word' id='word_1_12' title='bbox 1341 318 1380 349; x_wconf 87' lang='lat' dir='ltr'>de</span> <span class='ocrx_word' id='word_1_13' title='bbox 1396 318 1481 349; x_wconf 84' lang='lat' dir='ltr'>dicta</span> <span class='ocrx_word' id='word_1_14' title='bbox 1497 317 1635 350; x_wconf 65' lang='lat' dir='ltr'>Ysot⁷DA</span> 
     </span>
     <span class='ocr_line' id='line_1_3' title="bbox 171 385 1634 430; baseline -0.003 -9"><span class='ocrx_word' id='word_1_15' title='bbox 171 389 369 422; x_wconf 76' lang='lat' dir='ltr'>suscitaverit</span> <span class='ocrx_word' id='word_1_16' title='bbox 381 390 421 421; x_wconf 81' lang='lat' dir='ltr'>de</span> <span class='ocrx_word' id='word_1_17' title='bbox 432 400 483 421; x_wconf 91' lang='lat' dir='ltr'>me</span> <span class='ocrx_word' id='word_1_18' title='bbox 495 391 527 420; x_wconf 81' lang='lat' dir='ltr'>et</span> <span class='ocrx_word' id='word_1_19' title='bbox 536 387 706 420; x_wconf 81' lang='lat' dir='ltr'>heredibus</span> <span class='ocrx_word' id='word_1_20' title='bbox 716 388 795 420; x_wconf 89' lang='lat' dir='ltr'>meis</span> <span class='ocrx_word' id='word_1_21' title='bbox 806 388 857 419; x_wconf 86' lang='lat' dir='ltr'>vel</span> <span class='ocrx_word' id='word_1_22' title='bbox 868 387 1038 430; x_wconf 84' lang='lat' dir='ltr'>assignatis</span> <span class='ocrx_word' id='word_1_23' title='bbox 1050 386 1148 418; x_wconf 88' lang='lat' dir='ltr'>libere</span> <span class='ocrx_word' id='word_1_24' title='bbox 1161 386 1267 428; x_wconf 83' lang='lat' dir='ltr'>quiete</span> <span class='ocrx_word' id='word_1_25' title='bbox 1277 385 1358 418; x_wconf 86' lang='lat' dir='ltr'>bene</span> <span class='ocrx_word' id='word_1_26' title='bbox 1370 386 1497 428; x_wconf 79' lang='lat' dir='ltr'>pacifice</span> <span class='ocrx_word' id='word_1_27' title='bbox 1510 386 1634 428; x_wconf 85' lang='lat' dir='ltr'>integre</span> 
     </span>
     <span class='ocr_line' id='line_1_4' title="bbox 172 454 1635 500; baseline -0.003 -10"><span class='ocrx_word' id='word_1_28' title='bbox 172 458 244 500; x_wconf 84' lang='lat' dir='ltr'>jure</span> <span class='ocrx_word' id='word_1_29' title='bbox 265 457 456 490; x_wconf 86' lang='lat' dir='ltr'>hereditario</span> <span class='ocrx_word' id='word_1_30' title='bbox 479 457 546 489; x_wconf 83' lang='lat' dir='ltr'>sine</span> <span class='ocrx_word' id='word_1_31' title='bbox 568 457 655 489; x_wconf 91' lang='lat' dir='ltr'>omni</span> <span class='ocrx_word' id='word_1_32' title='bbox 677 456 861 498; x_wconf 79' lang='lat' dir='ltr'>calumpnia</span> <span class='ocrx_word' id='word_1_33' title='bbox 882 459 914 487; x_wconf 86' lang='lat' dir='ltr'>et</span> <span class='ocrx_word' id='word_1_34' title='bbox 936 455 1150 487; x_wconf 80' lang='lat' dir='ltr'>diminutione</span> <span class='ocrx_word' id='word_1_35' title='bbox 1173 454 1409 496; x_wconf 77' lang='lat' dir='ltr'>inperpetuum.</span> <span class='ocrx_word' id='word_1_36' title='bbox 1457 454 1635 486; x_wconf 85' lang='lat' dir='ltr'>Reddendo</span> 
     </span>
     <span class='ocr_line' id='line_1_5' title="bbox 172 523 1635 565; baseline -0.002 -8"><span class='ocrx_word' id='word_1_37' title='bbox 172 526 247 558; x_wconf 90' lang='lat' dir='ltr'>inde</span> <span class='ocrx_word' id='word_1_38' title='bbox 271 525 439 557; x_wconf 83' lang='lat' dir='ltr'>annuatim</span> <span class='ocrx_word' id='word_1_39' title='bbox 465 524 546 557; x_wconf 89' lang='lat' dir='ltr'>mihi</span> <span class='ocrx_word' id='word_1_40' title='bbox 572 527 604 556; x_wconf 88' lang='lat' dir='ltr'>et</span> <span class='ocrx_word' id='word_1_41' title='bbox 630 524 800 556; x_wconf 82' lang='lat' dir='ltr'>heredibus</span> <span class='ocrx_word' id='word_1_42' title='bbox 826 524 904 556; x_wconf 87' lang='lat' dir='ltr'>meis</span> <span class='ocrx_word' id='word_1_43' title='bbox 928 524 979 555; x_wconf 88' lang='lat' dir='ltr'>vel</span> <span class='ocrx_word' id='word_1_44' title='bbox 1007 523 1178 565; x_wconf 80' lang='lat' dir='ltr'>assignatis</span> <span class='ocrx_word' id='word_1_45' title='bbox 1202 523 1269 564; x_wconf 83' lang='lat' dir='ltr'>ipse</span> <span class='ocrx_word' id='word_1_46' title='bbox 1296 525 1328 554; x_wconf 85' lang='lat' dir='ltr'>et</span> <span class='ocrx_word' id='word_1_47' title='bbox 1354 523 1485 554; x_wconf 89' lang='lat' dir='ltr'>heredes</span> <span class='ocrx_word' id='word_1_48' title='bbox 1512 523 1560 554; x_wconf 90' lang='lat' dir='ltr'>sui</span> <span class='ocrx_word' id='word_1_49' title='bbox 1585 523 1635 555; x_wconf 88' lang='lat' dir='ltr'>vel</span> 
     </span>
     <span class='ocr_line' id='line_1_6' title="bbox 172 590 1637 636; baseline -0.003 -10"><span class='ocrx_word' id='word_1_50' title='bbox 172 594 328 636; x_wconf 83' lang='lat' dir='ltr'>assignati</span> <span class='ocrx_word' id='word_1_51' title='bbox 343 596 407 626; x_wconf 87' lang='lat' dir='ltr'>tres</span> <span class='ocrx_word' id='word_1_52' title='bbox 429 593 536 626; x_wconf 86' lang='lat' dir='ltr'>obolos</span> <span class='ocrx_word' id='word_1_53' title='bbox 557 593 598 625; x_wconf 82' lang='lat' dir='ltr'>ad</span> <span class='ocrx_word' id='word_1_54' title='bbox 617 593 735 625; x_wconf 79' lang='lat' dir='ltr'>festum</span> <span class='ocrx_word' id='word_1_55' title='bbox 760 592 869 624; x_wconf 79' lang='lat' dir='ltr'>Sancti</span> <span class='ocrx_word' id='word_1_56' title='bbox 893 592 1087 624; x_wconf 69' lang='lat' dir='ltr'>MlcflAELxs</span> <span class='ocrx_word' id='word_1_57' title='bbox 1106 602 1163 633; x_wconf 90' lang='lat' dir='ltr'>pro</span> <span class='ocrx_word' id='word_1_58' title='bbox 1183 590 1332 623; x_wconf 83' lang='lat' dir='ltr'>omnibus</span> <span class='ocrx_word' id='word_1_59' title='bbox 1353 591 1491 623; x_wconf 88' lang='lat' dir='ltr'>serviciis</span> <span class='ocrx_word' id='word_1_60' title='bbox 1511 591 1637 623; x_wconf 82' lang='lat' dir='ltr'>releviis</span> 
     </span>
     <span class='ocr_line' id='line_1_7' title="bbox 172 659 1639 703; baseline -0.003 -8"><span class='ocrx_word' id='word_1_61' title='bbox 172 662 302 695; x_wconf 86' lang='lat' dir='ltr'>herietis</span> <span class='ocrx_word' id='word_1_62' title='bbox 314 662 405 694; x_wconf 86' lang='lat' dir='ltr'>sectis</span> <span class='ocrx_word' id='word_1_63' title='bbox 414 662 574 694; x_wconf 87' lang='lat' dir='ltr'>curiarum</span> <span class='ocrx_word' id='word_1_64' title='bbox 584 661 699 693; x_wconf 85' lang='lat' dir='ltr'>wardis</span> <span class='ocrx_word' id='word_1_65' title='bbox 709 661 869 703; x_wconf 86' lang='lat' dir='ltr'>talleagiis</span> <span class='ocrx_word' id='word_1_66' title='bbox 882 659 1165 692; x_wconf 86' lang='lat' dir='ltr'>consuetudinibus</span> <span class='ocrx_word' id='word_1_67' title='bbox 1177 659 1396 691; x_wconf 82' lang='lat' dir='ltr'>exactionibus</span> <span class='ocrx_word' id='word_1_68' title='bbox 1407 662 1438 691; x_wconf 92' lang='lat' dir='ltr'>et</span> <span class='ocrx_word' id='word_1_69' title='bbox 1449 659 1639 691; x_wconf 86' lang='lat' dir='ltr'>omnimodis</span> 
     </span>
     <span class='ocr_line' id='line_1_8' title="bbox 174 727 1639 770; baseline -0.003 -7"><span class='ocrx_word' id='word_1_70' title='bbox 174 731 341 763; x_wconf 77' lang='lat' dir='ltr'>domandis</span> <span class='ocrx_word' id='word_1_71' title='bbox 357 729 560 762; x_wconf 87' lang='lat' dir='ltr'>secularibus.</span> <span class='ocrx_word' id='word_1_72' title='bbox 607 729 642 761; x_wconf 82' lang='lat' dir='ltr'>Si</span> <span class='ocrx_word' id='word_1_73' title='bbox 658 741 731 761; x_wconf 85' lang='lat' dir='ltr'>vero</span> <span class='ocrx_word' id='word_1_74' title='bbox 744 730 829 761; x_wconf 86' lang='lat' dir='ltr'>dicta</span> <span class='ocrx_word' id='word_1_75' title='bbox 846 728 984 760; x_wconf 71' lang='lat' dir='ltr'>Ysoum</span> <span class='ocrx_word' id='word_1_76' title='bbox 1001 740 1087 760; x_wconf 82' lang='lat' dir='ltr'>soror</span> <span class='ocrx_word' id='word_1_77' title='bbox 1102 740 1173 760; x_wconf 86' lang='lat' dir='ltr'>mea</span> <span class='ocrx_word' id='word_1_78' title='bbox 1189 728 1256 760; x_wconf 85' lang='lat' dir='ltr'>sine</span> <span class='ocrx_word' id='word_1_79' title='bbox 1272 727 1441 759; x_wconf 76' lang='lat' dir='ltr'>heredibus</span> <span class='ocrx_word' id='word_1_80' title='bbox 1457 728 1496 759; x_wconf 90' lang='lat' dir='ltr'>de</span> <span class='ocrx_word' id='word_1_81' title='bbox 1511 728 1639 770; x_wconf 86' lang='lat' dir='ltr'>proprio</span> 
     </span>
     <span class='ocr_line' id='line_1_9' title="bbox 175 796 1639 841; baseline -0.003 -10"><span class='ocrx_word' id='word_1_82' title='bbox 175 810 303 841; x_wconf 85' lang='lat' dir='ltr'>corpore</span> <span class='ocrx_word' id='word_1_83' title='bbox 319 799 370 831; x_wconf 88' lang='lat' dir='ltr'>vel</span> <span class='ocrx_word' id='word_1_84' title='bbox 386 801 471 830; x_wconf 86' lang='lat' dir='ltr'>certo</span> <span class='ocrx_word' id='word_1_85' title='bbox 486 798 648 840; x_wconf 82' lang='lat' dir='ltr'>assignato</span> <span class='ocrx_word' id='word_1_86' title='bbox 665 798 831 830; x_wconf 79' lang='lat' dir='ltr'>decesserit</span> <span class='ocrx_word' id='word_1_87' title='bbox 847 800 915 829; x_wconf 84' lang='lat' dir='ltr'>tota</span> <span class='ocrx_word' id='word_1_88' title='bbox 931 798 1016 828; x_wconf 86' lang='lat' dir='ltr'>dieta</span> <span class='ocrx_word' id='word_1_89' title='bbox 1031 797 1166 828; x_wconf 85' lang='lat' dir='ltr'>dimidia</span> <span class='ocrx_word' id='word_1_90' title='bbox 1181 808 1253 828; x_wconf 85' lang='lat' dir='ltr'>acra</span> <span class='ocrx_word' id='word_1_91' title='bbox 1269 796 1310 828; x_wconf 87' lang='lat' dir='ltr'>ad</span> <span class='ocrx_word' id='word_1_92' title='bbox 1325 807 1377 828; x_wconf 86' lang='lat' dir='ltr'>me</span> <span class='ocrx_word' id='word_1_93' title='bbox 1392 799 1424 828; x_wconf 85' lang='lat' dir='ltr'>et</span> <span class='ocrx_word' id='word_1_94' title='bbox 1445 797 1486 828; x_wconf 85' lang='lat' dir='ltr'>ad</span> <span class='ocrx_word' id='word_1_95' title='bbox 1509 796 1639 828; x_wconf 87' lang='lat' dir='ltr'>heredes</span> 
     </span>
     <span class='ocr_line' id='line_1_10' title="bbox 175 864 1642 908; baseline -0.001 -9"><span class='ocrx_word' id='word_1_96' title='bbox 175 878 262 900; x_wconf 87' lang='lat' dir='ltr'>meos</span> <span class='ocrx_word' id='word_1_97' title='bbox 277 867 345 899; x_wconf 88' lang='lat' dir='ltr'>sine</span> <span class='ocrx_word' id='word_1_98' title='bbox 361 867 448 898; x_wconf 86' lang='lat' dir='ltr'>omni</span> <span class='ocrx_word' id='word_1_99' title='bbox 464 867 694 908; x_wconf 87' lang='lat' dir='ltr'>impedimento</span> <span class='ocrx_word' id='word_1_100' title='bbox 709 868 895 898; x_wconf 82' lang='lat' dir='ltr'>revertetur.</span> <span class='ocrx_word' id='word_1_101' title='bbox 942 866 1016 908; x_wconf 88' lang='lat' dir='ltr'>Ego</span> <span class='ocrx_word' id='word_1_102' title='bbox 1032 876 1106 897; x_wconf 89' lang='lat' dir='ltr'>vero</span> <span class='ocrx_word' id='word_1_103' title='bbox 1121 865 1226 896; x_wconf 87' lang='lat' dir='ltr'>dictus</span> <span class='ocrx_word' id='word_1_104' title='bbox 1237 864 1453 896; x_wconf 71' lang='lat' dir='ltr'>ALEXANDER</span> <span class='ocrx_word' id='word_1_105' title='bbox 1468 867 1500 896; x_wconf 85' lang='lat' dir='ltr'>et</span> <span class='ocrx_word' id='word_1_106' title='bbox 1510 865 1642 897; x_wconf 85' lang='lat' dir='ltr'>heredes</span> 
     </span>
     <span class='ocr_line' id='line_1_11' title="bbox 176 933 1643 978; baseline -0.001 -11"><span class='ocrx_word' id='word_1_107' title='bbox 176 936 239 968; x_wconf 87' lang='lat' dir='ltr'>mei</span> <span class='ocrx_word' id='word_1_108' title='bbox 258 936 433 978; x_wconf 81' lang='lat' dir='ltr'>predictam</span> <span class='ocrx_word' id='word_1_109' title='bbox 454 935 622 967; x_wconf 82' lang='lat' dir='ltr'>dimidiam</span> <span class='ocrx_word' id='word_1_110' title='bbox 641 946 747 967; x_wconf 78' lang='lat' dir='ltr'>aeram</span> <span class='ocrx_word' id='word_1_111' title='bbox 768 935 853 967; x_wconf 87' lang='lat' dir='ltr'>dicto</span> <span class='ocrx_word' id='word_1_112' title='bbox 875 934 1070 967; x_wconf 64' lang='lat' dir='ltr'>anmo</span> <span class='ocrx_word' id='word_1_113' title='bbox 1090 936 1122 965; x_wconf 88' lang='lat' dir='ltr'>et</span> <span class='ocrx_word' id='word_1_114' title='bbox 1141 933 1311 965; x_wconf 83' lang='lat' dir='ltr'>heredibus</span> <span class='ocrx_word' id='word_1_115' title='bbox 1330 933 1394 965; x_wconf 81' lang='lat' dir='ltr'>suis</span> <span class='ocrx_word' id='word_1_116' title='bbox 1409 945 1488 975; x_wconf 89' lang='lat' dir='ltr'>quos</span> <span class='ocrx_word' id='word_1_117' title='bbox 1503 934 1542 965; x_wconf 89' lang='lat' dir='ltr'>de</span> <span class='ocrx_word' id='word_1_118' title='bbox 1557 934 1643 966; x_wconf 86' lang='lat' dir='ltr'>dicta</span> 
     </span>
     <span class='ocr_line' id='line_1_12' title="bbox 175 1001 1642 1045; baseline -0.001 -9"><span class='ocrx_word' id='word_1_119' title='bbox 175 1004 314 1037; x_wconf 77' lang='lat' dir='ltr'>YSOUDA</span> <span class='ocrx_word' id='word_1_120' title='bbox 327 1007 363 1035; x_wconf 84' lang='lat' dir='ltr'>ut</span> <span class='ocrx_word' id='word_1_121' title='bbox 373 1004 494 1035; x_wconf 87' lang='lat' dir='ltr'>dictum</span> <span class='ocrx_word' id='word_1_122' title='bbox 504 1006 551 1035; x_wconf 89' lang='lat' dir='ltr'>est</span> <span class='ocrx_word' id='word_1_123' title='bbox 562 1004 773 1045; x_wconf 79' lang='lat' dir='ltr'>procreaverit</span> <span class='ocrx_word' id='word_1_124' title='bbox 783 1006 893 1035; x_wconf 84' lang='lat' dir='ltr'>contra</span> <span class='ocrx_word' id='word_1_125' title='bbox 903 1014 1012 1034; x_wconf 86' lang='lat' dir='ltr'>omnes</span> <span class='ocrx_word' id='word_1_126' title='bbox 1023 1002 1168 1034; x_wconf 86' lang='lat' dir='ltr'>homines</span> <span class='ocrx_word' id='word_1_127' title='bbox 1178 1005 1210 1034; x_wconf 86' lang='lat' dir='ltr'>et</span> <span class='ocrx_word' id='word_1_128' title='bbox 1220 1001 1356 1034; x_wconf 79' lang='lat' dir='ltr'>feminas</span> <span class='ocrx_word' id='word_1_129' title='bbox 1366 1002 1642 1034; x_wconf 81' lang='lat' dir='ltr'>warentizabimus</span> 
     </span>
     <span class='ocr_line' id='line_1_13' title="bbox 177 1070 1645 1115; baseline -0.001 -11"><span class='ocrx_word' id='word_1_130' title='bbox 177 1072 428 1115; x_wconf 83' lang='lat' dir='ltr'>acquietabimus</span> <span class='ocrx_word' id='word_1_131' title='bbox 445 1075 475 1103; x_wconf 82' lang='lat' dir='ltr'>et</span> <span class='ocrx_word' id='word_1_132' title='bbox 497 1071 706 1104; x_wconf 82' lang='lat' dir='ltr'>defendemus</span> <span class='ocrx_word' id='word_1_133' title='bbox 724 1072 959 1113; x_wconf 83' lang='lat' dir='ltr'>inperpetuum.</span> <span class='ocrx_word' id='word_1_134' title='bbox 1007 1070 1052 1102; x_wconf 86' lang='lat' dir='ltr'>Et</span> <span class='ocrx_word' id='word_1_135' title='bbox 1075 1072 1112 1102; x_wconf 84' lang='lat' dir='ltr'>ut</span> <span class='ocrx_word' id='word_1_136' title='bbox 1127 1070 1186 1102; x_wconf 87' lang='lat' dir='ltr'>hac</span> <span class='ocrx_word' id='word_1_137' title='bbox 1204 1081 1276 1102; x_wconf 87' lang='lat' dir='ltr'>mea</span> <span class='ocrx_word' id='word_1_138' title='bbox 1295 1070 1425 1102; x_wconf 89' lang='lat' dir='ltr'>donatio</span> <span class='ocrx_word' id='word_1_139' title='bbox 1441 1071 1597 1102; x_wconf 76' lang='lat' dir='ltr'>concessio</span> <span class='ocrx_word' id='word_1_140' title='bbox 1612 1072 1645 1103; x_wconf 85' lang='lat' dir='ltr'>et</span> 
     </span>
     <span class='ocr_line' id='line_1_14' title="bbox 177 1138 1643 1184; baseline -0.001 -11"><span class='ocrx_word' id='word_1_141' title='bbox 177 1141 333 1184; x_wconf 86' lang='lat' dir='ltr'>presentis</span> <span class='ocrx_word' id='word_1_142' title='bbox 351 1143 435 1172; x_wconf 84' lang='lat' dir='ltr'>carte</span> <span class='ocrx_word' id='word_1_143' title='bbox 457 1152 526 1172; x_wconf 90' lang='lat' dir='ltr'>mee</span> <span class='ocrx_word' id='word_1_144' title='bbox 548 1141 745 1173; x_wconf 87' lang='lat' dir='ltr'>confirmatio</span> <span class='ocrx_word' id='word_1_145' title='bbox 768 1140 865 1172; x_wconf 84' lang='lat' dir='ltr'>robur</span> <span class='ocrx_word' id='word_1_146' title='bbox 886 1142 1037 1182; x_wconf 87' lang='lat' dir='ltr'>perpetue</span> <span class='ocrx_word' id='word_1_147' title='bbox 1057 1139 1218 1171; x_wconf 86' lang='lat' dir='ltr'>firmitatis</span> <span class='ocrx_word' id='word_1_148' title='bbox 1246 1138 1389 1181; x_wconf 84' lang='lat' dir='ltr'>optineat</span> <span class='ocrx_word' id='word_1_149' title='bbox 1410 1139 1484 1170; x_wconf 86' lang='lat' dir='ltr'>huic</span> <span class='ocrx_word' id='word_1_150' title='bbox 1505 1140 1643 1181; x_wconf 84' lang='lat' dir='ltr'>presenti</span> 
     </span>
     <span class='ocr_line' id='line_1_15' title="bbox 178 1207 1647 1252; baseline -0.001 -10"><span class='ocrx_word' id='word_1_151' title='bbox 178 1210 293 1252; x_wconf 86' lang='lat' dir='ltr'>scripto</span> <span class='ocrx_word' id='word_1_152' title='bbox 310 1209 453 1251; x_wconf 85' lang='lat' dir='ltr'>sigillum</span> <span class='ocrx_word' id='word_1_153' title='bbox 469 1220 576 1241; x_wconf 87' lang='lat' dir='ltr'>meum</span> <span class='ocrx_word' id='word_1_154' title='bbox 593 1210 734 1251; x_wconf 84' lang='lat' dir='ltr'>apposui.</span> <span class='ocrx_word' id='word_1_155' title='bbox 783 1208 860 1240; x_wconf 87' lang='lat' dir='ltr'>Hiis</span> <span class='ocrx_word' id='word_1_156' title='bbox 876 1208 1009 1240; x_wconf 82' lang='lat' dir='ltr'>testibus</span> <span class='ocrx_word' id='word_1_157' title='bbox 1031 1207 1172 1240; x_wconf 77' lang='lat' dir='ltr'>MILONE</span> <span class='ocrx_word' id='word_1_158' title='bbox 1196 1208 1235 1240; x_wconf 91' lang='lat' dir='ltr'>de</span> <span class='ocrx_word' id='word_1_159' title='bbox 1255 1207 1369 1240; x_wconf 64' lang='lat' dir='ltr'>Rssvm</span> <span class='ocrx_word' id='word_1_160' title='bbox 1389 1234 1394 1240; x_wconf 95' lang='lat'>.</span> <span class='ocrx_word' id='word_1_161' title='bbox 1418 1207 1591 1241; x_wconf 76' lang='lat' dir='ltr'>WALTERO</span> <span class='ocrx_word' id='word_1_162' title='bbox 1607 1208 1647 1240; x_wconf 86' lang='lat' dir='ltr'>de</span> 
     </span>
    </p>
   </div>
   <div class='ocr_carea' id='block_1_3' title="bbox 179 1275 1645 1311">
    <p class='ocr_par' dir='ltr' id='par_1_3' title="bbox 179 1275 1645 1311">
     <span class='ocr_line' id='line_1_16' title="bbox 179 1275 1645 1311; baseline -0.001 -1"><span class='ocrx_word' id='word_1_163' title='bbox 179 1279 295 1311; x_wconf 67' lang='lat' dir='ltr'>Rssvm</span> <span class='ocrx_word' id='word_1_164' title='bbox 318 1303 325 1309; x_wconf 86' lang='lat'>.</span> <span class='ocrx_word' id='word_1_165' title='bbox 350 1277 525 1310; x_wconf 73' lang='lat' dir='ltr'>WALTERO</span> <span class='ocrx_word' id='word_1_166' title='bbox 548 1278 588 1309; x_wconf 92' lang='lat' dir='ltr'>de</span> <span class='ocrx_word' id='word_1_167' title='bbox 611 1277 727 1309; x_wconf 71' lang='lat' dir='ltr'>COGAN</span> <span class='ocrx_word' id='word_1_168' title='bbox 753 1303 758 1308; x_wconf 90' lang='lat'><em>.</em></span> <span class='ocrx_word' id='word_1_169' title='bbox 785 1276 940 1308; x_wconf 63' lang='lat' dir='ltr'>Rmuzno</span> <span class='ocrx_word' id='word_1_170' title='bbox 958 1276 1024 1308; x_wconf 86' lang='lat' dir='ltr'>filio</span> <span class='ocrx_word' id='word_1_171' title='bbox 1046 1276 1217 1308; x_wconf 70' lang='lat' dir='ltr'>GAerm</span> <span class='ocrx_word' id='word_1_172' title='bbox 1242 1302 1248 1308; x_wconf 93' lang='lat'>.</span> <span class='ocrx_word' id='word_1_173' title='bbox 1272 1275 1399 1308; x_wconf 66' lang='lat' dir='ltr'>Tuom</span> <span class='ocrx_word' id='word_1_174' title='bbox 1419 1277 1458 1308; x_wconf 87' lang='lat' dir='ltr'>de</span> <span class='ocrx_word' id='word_1_175' title='bbox 1479 1276 1645 1308; x_wconf 53' lang='lat' dir='ltr'>Lamon</span> 
     </span>
    </p>
   </div>
   <div class='ocr_carea' id='block_1_4' title="bbox 179 1347 307 1380">
    <p class='ocr_par' dir='ltr' id='par_1_4' title="bbox 179 1347 307 1380">
     <span class='ocr_line' id='line_1_17' title="bbox 179 1347 307 1380; baseline -0.016 0"><span class='ocrx_word' id='word_1_176' title='bbox 179 1350 211 1380; x_wconf 86' lang='lat' dir='ltr'>et</span> <span class='ocrx_word' id='word_1_177' title='bbox 226 1347 307 1379; x_wconf 82' lang='lat' dir='ltr'>aliis.</span> 
     </span>
    </p>
   </div>
   <div class='ocr_carea' id='block_1_5' title="bbox 833 1445 991 1477">
    <p class='ocr_par' dir='ltr' id='par_1_5' title="bbox 833 1445 991 1477">
     <span class='ocr_line' id='line_1_18' title="bbox 833 1445 991 1477; baseline -0.006 0"><span class='ocrx_word' id='word_1_178' title='bbox 833 1445 991 1477; x_wconf 87' lang='lat' dir='ltr'>DCLXI.</span> 
     </span>
    </p>
   </div>
   <div class='ocr_carea' id='block_1_6' title="bbox 180 1525 1646 1628">
    <p class='ocr_par' dir='ltr' id='par_1_6' title="bbox 180 1525 1646 1628">
     <span class='ocr_line' id='line_1_19' title="bbox 180 1525 1646 1565; baseline -0.001 -5"><span class='ocrx_word' id='word_1_179' title='bbox 180 1527 378 1565; x_wconf 83' lang='lat' dir='ltr'><strong>OEGILIA,</strong></span> <span class='ocrx_word' id='word_1_180' title='bbox 439 1526 707 1560; x_wconf 79' lang='lat' dir='ltr'><strong>DAUGHTER</strong></span> <span class='ocrx_word' id='word_1_181' title='bbox 767 1526 826 1558; x_wconf 86' lang='lat' dir='ltr'>OF</span> <span class='ocrx_word' id='word_1_182' title='bbox 885 1526 1185 1558; x_wconf 83' lang='lat' dir='ltr'><strong>ALEXANDER</strong></span> <span class='ocrx_word' id='word_1_183' title='bbox 1245 1525 1309 1557; x_wconf 88' lang='lat' dir='ltr'>DE</span> <span class='ocrx_word' id='word_1_184' title='bbox 1376 1525 1646 1565; x_wconf 82' lang='lat' dir='ltr'>LANDOOHE,</span> 
     </span>
     <span class='ocr_line' id='line_1_20' title="bbox 240 1594 1588 1628; baseline -0.001 0"><span class='ocrx_word' id='word_1_185' title='bbox 240 1595 423 1628; x_wconf 80' lang='lat' dir='ltr'>GRANTS</span> <span class='ocrx_word' id='word_1_186' title='bbox 454 1595 587 1627; x_wconf 88' lang='lat' dir='ltr'>LAND</span> <span class='ocrx_word' id='word_1_187' title='bbox 626 1595 679 1627; x_wconf 89' lang='lat' dir='ltr'>IN</span> <span class='ocrx_word' id='word_1_188' title='bbox 710 1595 943 1627; x_wconf 81' lang='lat' dir='ltr'><strong>LANDOGH</strong></span> <span class='ocrx_word' id='word_1_189' title='bbox 982 1594 1073 1626; x_wconf 81' lang='lat' dir='ltr'>FEE</span> <span class='ocrx_word' id='word_1_190' title='bbox 1105 1594 1162 1626; x_wconf 89' lang='grc' dir='ltr'>ΤΟ</span> <span class='ocrx_word' id='word_1_191' title='bbox 1199 1594 1404 1627; x_wconf 79' lang='lat' dir='ltr'><strong>WALTER</strong></span> <span class='ocrx_word' id='word_1_192' title='bbox 1434 1594 1588 1626; x_wconf 86' lang='lat' dir='ltr'>PIKET.</span> 
     </span>
    </p>
   </div>
   <div class='ocr_carea' id='block_1_7' title="bbox 674 1675 1601 1718">
    <p class='ocr_par' dir='ltr' id='par_1_7' title="bbox 674 1675 1601 1718">
     <span class='ocr_line' id='line_1_21' title="bbox 674 1675 1601 1718; baseline 0 -10"><span class='ocrx_word' id='word_1_193' title='bbox 674 1676 777 1717; x_wconf 63' lang='lat' dir='ltr'>[Ano.</span> <span class='ocrx_word' id='word_1_194' title='bbox 802 1676 977 1715; x_wconf 75' lang='lat' dir='ltr'>CHARTER,</span> <span class='ocrx_word' id='word_1_195' title='bbox 1002 1675 1148 1718; x_wconf 56' lang='lat'>24277]</span> <span class='ocrx_word' id='word_1_196' title='bbox 1524 1676 1601 1708; x_wconf 68' lang='lat' dir='ltr'>SD.</span> 
     </span>
    </p>
   </div>
   <div class='ocr_carea' id='block_1_8' title="bbox 181 1757 1649 2210">
    <p class='ocr_par' dir='ltr' id='par_1_8' title="bbox 181 1757 1649 2210">
     <span class='ocr_line' id='line_1_22' title="bbox 226 1757 1646 1800; baseline 0 -11"><span class='ocrx_word' id='word_1_197' title='bbox 226 1758 334 1789; x_wconf 82' lang='lat' dir='ltr'>Sciant</span> <span class='ocrx_word' id='word_1_198' title='bbox 356 1761 516 1799; x_wconf 85' lang='lat' dir='ltr'>presentes</span> <span class='ocrx_word' id='word_1_199' title='bbox 535 1762 566 1790; x_wconf 91' lang='lat' dir='ltr'>et</span> <span class='ocrx_word' id='word_1_200' title='bbox 588 1758 690 1790; x_wconf 78' lang='lat' dir='ltr'>futuri</span> <span class='ocrx_word' id='word_1_201' title='bbox 711 1759 798 1799; x_wconf 83' lang='lat' dir='ltr'>quod</span> <span class='ocrx_word' id='word_1_202' title='bbox 825 1770 884 1800; x_wconf 81' lang='lat' dir='ltr'>ego</span> <span class='ocrx_word' id='word_1_203' title='bbox 912 1757 1051 1789; x_wconf 49' lang='lat' dir='ltr'>CEC1121A</span> <span class='ocrx_word' id='word_1_204' title='bbox 1075 1757 1142 1789; x_wconf 86' lang='lat' dir='ltr'>filia</span> <span class='ocrx_word' id='word_1_205' title='bbox 1164 1757 1373 1789; x_wconf 72' lang='lat' dir='ltr'>ALExANmu</span> <span class='ocrx_word' id='word_1_206' title='bbox 1395 1758 1434 1789; x_wconf 88' lang='lat' dir='ltr'>(le</span> <span class='ocrx_word' id='word_1_207' title='bbox 1458 1757 1646 1789; x_wconf 47' lang='lat' dir='ltr'>Lis-nocua</span> 
     </span>
     <span class='ocr_line' id='line_1_23' title="bbox 182 1825 1647 1869; baseline 0 -12"><span class='ocrx_word' id='word_1_208' title='bbox 182 1826 312 1858; x_wconf 87' lang='lat' dir='ltr'>vendidi</span> <span class='ocrx_word' id='word_1_209' title='bbox 336 1826 471 1857; x_wconf 85' lang='lat' dir='ltr'>concessi</span> <span class='ocrx_word' id='word_1_210' title='bbox 505 1825 570 1869; x_wconf 87' lang='lat' dir='ltr'>[et]</span> <span class='ocrx_word' id='word_1_211' title='bbox 603 1827 709 1858; x_wconf 86' lang='lat' dir='ltr'>dimisi</span> <span class='ocrx_word' id='word_1_212' title='bbox 741 1838 839 1858; x_wconf 82' lang='lat' dir='ltr'>unam</span> <span class='ocrx_word' id='word_1_213' title='bbox 866 1838 971 1858; x_wconf 81' lang='lat' dir='ltr'>acram</span> <span class='ocrx_word' id='word_1_214' title='bbox 997 1832 1079 1858; x_wconf 89' lang='lat' dir='ltr'>terre</span> <span class='ocrx_word' id='word_1_215' title='bbox 1104 1825 1233 1858; x_wconf 83' lang='lat' dir='ltr'>arabilis</span> <span class='ocrx_word' id='word_1_216' title='bbox 1257 1837 1329 1857; x_wconf 85' lang='lat' dir='ltr'>cum</span> <span class='ocrx_word' id='word_1_217' title='bbox 1356 1826 1558 1867; x_wconf 80' lang='lat' dir='ltr'>pertinentiis</span> <span class='ocrx_word' id='word_1_218' title='bbox 1583 1827 1647 1858; x_wconf 82' lang='lat' dir='ltr'>suis</span> 
     </span>
     <span class='ocr_line' id='line_1_24' title="bbox 183 1894 1647 1937; baseline 0.001 -11"><span class='ocrx_word' id='word_1_219' title='bbox 183 1894 359 1927; x_wconf 67' lang='lat' dir='ltr'>WAL&#39;rx-:Ro</span> <span class='ocrx_word' id='word_1_220' title='bbox 380 1894 491 1926; x_wconf 71' lang='lat' dir='ltr'>Pufflr</span> <span class='ocrx_word' id='word_1_221' title='bbox 507 1900 538 1926; x_wconf 87' lang='lat' dir='ltr'>et</span> <span class='ocrx_word' id='word_1_222' title='bbox 554 1896 633 1927; x_wconf 85' lang='lat' dir='ltr'>duos</span> <span class='ocrx_word' id='word_1_223' title='bbox 654 1896 800 1927; x_wconf 87' lang='lat' dir='ltr'>denarios</span> <span class='ocrx_word' id='word_1_224' title='bbox 815 1895 959 1927; x_wconf 86' lang='lat' dir='ltr'>redditus</span> <span class='ocrx_word' id='word_1_225' title='bbox 974 1895 1074 1926; x_wconf 86' lang='lat' dir='ltr'>annui</span> <span class='ocrx_word' id='word_1_226' title='bbox 1090 1906 1146 1936; x_wconf 90' lang='lat' dir='ltr'>pro</span> <span class='ocrx_word' id='word_1_227' title='bbox 1162 1894 1281 1937; x_wconf 75' lang='lat' dir='ltr'>viginti</span> <span class='ocrx_word' id='word_1_228' title='bbox 1296 1894 1405 1926; x_wconf 85' lang='lat' dir='ltr'>solidis</span> <span class='ocrx_word' id='word_1_229' title='bbox 1421 1894 1647 1937; x_wconf 83' lang='lat' dir='ltr'>sterlingorum</span> 
     </span>
     <span class='ocr_line' id='line_1_25' title="bbox 181 1962 1646 2006; baseline 0.001 -12"><span class='ocrx_word' id='word_1_230' title='bbox 181 1964 260 1994; x_wconf 85' lang='lat' dir='ltr'>mihi</span> <span class='ocrx_word' id='word_1_231' title='bbox 274 1962 478 2005; x_wconf 86' lang='lat' dir='ltr'>premanibus</span> <span class='ocrx_word' id='word_1_232' title='bbox 490 1964 618 2005; x_wconf 82' lang='lat' dir='ltr'>pacatis.</span> <span class='ocrx_word' id='word_1_233' title='bbox 665 1964 737 1998; x_wconf 79' lang='lat' dir='ltr'>Que</span> <span class='ocrx_word' id='word_1_234' title='bbox 750 1975 821 1995; x_wconf 77' lang='lat' dir='ltr'>acra</span> <span class='ocrx_word' id='word_1_235' title='bbox 833 1964 917 2006; x_wconf 76' lang='lat' dir='ltr'>jacet</span> <span class='ocrx_word' id='word_1_236' title='bbox 930 1964 964 1994; x_wconf 91' lang='lat' dir='ltr'>in</span> <span class='ocrx_word' id='word_1_237' title='bbox 977 1964 1070 1994; x_wconf 81' lang='lat' dir='ltr'>feodo</span> <span class='ocrx_word' id='word_1_238' title='bbox 1086 1964 1125 1994; x_wconf 85' lang='lat' dir='ltr'>de</span> <span class='ocrx_word' id='word_1_239' title='bbox 1139 1962 1327 1994; x_wconf 73' lang='lat' dir='ltr'>LANDOCHE</span> <span class='ocrx_word' id='word_1_240' title='bbox 1340 1967 1415 2004; x_wconf 81' lang='lat' dir='ltr'>aput</span> <span class='ocrx_word' id='word_1_241' title='bbox 1434 1962 1646 1995; x_wconf 54' lang='lat' dir='ltr'>Las-omiss</span> 
     </span>
     <span class='ocr_line' id='line_1_26' title="bbox 181 2032 1648 2073; baseline 0.001 -10"><span class='ocrx_word' id='word_1_242' title='bbox 181 2035 213 2063; x_wconf 87' lang='lat' dir='ltr'>et</span> <span class='ocrx_word' id='word_1_243' title='bbox 228 2032 311 2073; x_wconf 81' lang='lat' dir='ltr'>jacet</span> <span class='ocrx_word' id='word_1_244' title='bbox 328 2032 413 2062; x_wconf 87' lang='lat' dir='ltr'>inter</span> <span class='ocrx_word' id='word_1_245' title='bbox 426 2034 543 2063; x_wconf 85' lang='lat' dir='ltr'>terram</span> <span class='ocrx_word' id='word_1_246' title='bbox 559 2043 655 2073; x_wconf 77' lang='lat' dir='ltr'>quam</span> <span class='ocrx_word' id='word_1_247' title='bbox 672 2032 762 2064; x_wconf 70' lang='lat' dir='ltr'>IssAc</span> <span class='ocrx_word' id='word_1_248' title='bbox 775 2033 814 2063; x_wconf 91' lang='lat' dir='ltr'>de</span> <span class='ocrx_word' id='word_1_249' title='bbox 830 2032 1019 2063; x_wconf 61' lang='lat' dir='ltr'>LANnocni:</span> <span class='ocrx_word' id='word_1_250' title='bbox 1036 2032 1113 2063; x_wconf 85' lang='lat' dir='ltr'>emit</span> <span class='ocrx_word' id='word_1_251' title='bbox 1129 2032 1168 2063; x_wconf 85' lang='lat' dir='ltr'>de</span> <span class='ocrx_word' id='word_1_252' title='bbox 1184 2043 1235 2063; x_wconf 87' lang='lat' dir='ltr'>me</span> <span class='ocrx_word' id='word_1_253' title='bbox 1251 2034 1283 2063; x_wconf 90' lang='lat' dir='ltr'>et</span> <span class='ocrx_word' id='word_1_254' title='bbox 1298 2034 1415 2063; x_wconf 81' lang='lat' dir='ltr'>terram</span> <span class='ocrx_word' id='word_1_255' title='bbox 1432 2043 1528 2073; x_wconf 77' lang='lat' dir='ltr'>quam</span> <span class='ocrx_word' id='word_1_256' title='bbox 1545 2033 1648 2065; x_wconf 77' lang='lat' dir='ltr'>dictus</span> 
     </span>
     <span class='ocr_line' id='line_1_27' title="bbox 182 2100 1648 2142; baseline 0 -10"><span class='ocrx_word' id='word_1_257' title='bbox 182 2100 376 2133; x_wconf 68' lang='lat' dir='ltr'>WAL&#39;rERL&#39;s</span> <span class='ocrx_word' id='word_1_258' title='bbox 392 2100 469 2131; x_wconf 84' lang='lat' dir='ltr'>emit</span> <span class='ocrx_word' id='word_1_259' title='bbox 485 2101 524 2131; x_wconf 86' lang='lat' dir='ltr'>de</span> <span class='ocrx_word' id='word_1_260' title='bbox 536 2111 586 2131; x_wconf 87' lang='lat' dir='ltr'>me</span> <span class='ocrx_word' id='word_1_261' title='bbox 603 2100 696 2142; x_wconf 84' lang='lat' dir='ltr'>cujus</span> <span class='ocrx_word' id='word_1_262' title='bbox 712 2112 782 2132; x_wconf 87' lang='lat' dir='ltr'>acre</span> <span class='ocrx_word' id='word_1_263' title='bbox 799 2106 892 2142; x_wconf 77' lang='lat' dir='ltr'>caput</span> <span class='ocrx_word' id='word_1_264' title='bbox 907 2100 1030 2132; x_wconf 74' lang='lat' dir='ltr'>bol-calc</span> <span class='ocrx_word' id='word_1_265' title='bbox 1046 2100 1230 2132; x_wconf 77' lang='lat' dir='ltr'>extenditur</span> <span class='ocrx_word' id='word_1_266' title='bbox 1246 2111 1345 2141; x_wconf 88' lang='lat' dir='ltr'>usquc</span> <span class='ocrx_word' id='word_1_267' title='bbox 1361 2101 1402 2131; x_wconf 86' lang='lat' dir='ltr'>ad</span> <span class='ocrx_word' id='word_1_268' title='bbox 1418 2103 1534 2131; x_wconf 78' lang='lat' dir='ltr'>terram</span> <span class='ocrx_word' id='word_1_269' title='bbox 1552 2113 1648 2142; x_wconf 77' lang='lat' dir='ltr'>quam</span> 
     </span>
     <span class='ocr_line' id='line_1_28' title="bbox 181 2168 1649 2210; baseline 0.001 -11"><span class='ocrx_word' id='word_1_270' title='bbox 181 2168 371 2200; x_wconf 70' lang='lat' dir='ltr'>Pmmrpcs</span> <span class='ocrx_word' id='word_1_271' title='bbox 387 2168 557 2200; x_wconf 71' lang='lat' dir='ltr'>Turkeon</span> <span class='ocrx_word' id='word_1_272' title='bbox 574 2168 652 2200; x_wconf 85' lang='lat' dir='ltr'>emit</span> <span class='ocrx_word' id='word_1_273' title='bbox 667 2169 706 2200; x_wconf 86' lang='lat' dir='ltr'>de</span> <span class='ocrx_word' id='word_1_274' title='bbox 723 2168 898 2201; x_wconf 74' lang='lat' dir='ltr'>WAL&#39;rnRo</span> <span class='ocrx_word' id='word_1_275' title='bbox 915 2168 1044 2200; x_wconf 69' lang='lat' dir='ltr'>Kl‘NAN</span> <span class='ocrx_word' id='word_1_276' title='bbox 1062 2172 1093 2200; x_wconf 88' lang='lat' dir='ltr'>et</span> <span class='ocrx_word' id='word_1_277' title='bbox 1109 2171 1203 2210; x_wconf 77' lang='lat' dir='ltr'>caput</span> <span class='ocrx_word' id='word_1_278' title='bbox 1220 2168 1291 2209; x_wconf 82' lang='lat' dir='ltr'>ejus</span> <span class='ocrx_word' id='word_1_279' title='bbox 1310 2168 1448 2200; x_wconf 73' lang='lat' dir='ltr'>australe</span> <span class='ocrx_word' id='word_1_280' title='bbox 1465 2169 1649 2201; x_wconf 68' lang='lat' dir='ltr'>extenditur</span> 
     </span>
    </p>
   </div>
   <div class='ocr_carea' id='block_1_9' title="bbox 181 2237 1648 2279">
    <p class='ocr_par' dir='ltr' id='par_1_9' title="bbox 181 2237 1648 2279">
     <span class='ocr_line' id='line_1_29' title="bbox 181 2237 1648 2279; baseline 0.001 -11"><span class='ocrx_word' id='word_1_281' title='bbox 181 2248 288 2269; x_wconf 86' lang='lat' dir='ltr'>versus</span> <span class='ocrx_word' id='word_1_282' title='bbox 312 2238 353 2269; x_wconf 89' lang='lat' dir='ltr'>ad</span> <span class='ocrx_word' id='word_1_283' title='bbox 380 2240 497 2269; x_wconf 81' lang='lat' dir='ltr'>terram</span> <span class='ocrx_word' id='word_1_284' title='bbox 528 2237 734 2268; x_wconf 67' lang='lat' dir='ltr'>ALEXANnm</span> <span class='ocrx_word' id='word_1_285' title='bbox 766 2237 824 2268; x_wconf 77' lang='lat' dir='ltr'>filii</span> <span class='ocrx_word' id='word_1_286' title='bbox 855 2237 1021 2269; x_wconf 67' lang='lat' dir='ltr'>MAumcn</span> <span class='ocrx_word' id='word_1_287' title='bbox 1055 2248 1190 2279; x_wconf 86' lang='lat' dir='ltr'>quorum</span> <span class='ocrx_word' id='word_1_288' title='bbox 1222 2241 1253 2268; x_wconf 86' lang='lat' dir='ltr'>et</span> <span class='ocrx_word' id='word_1_289' title='bbox 1283 2237 1420 2268; x_wconf 81' lang='lat' dir='ltr'>(luorum</span> <span class='ocrx_word' id='word_1_290' title='bbox 1445 2238 1648 2269; x_wconf 80' lang='lat' dir='ltr'>donariorum</span> 
     </span>
    </p>
   </div>
  </div>
 </body>
</html>
