1820 2548
243 174 305 206 792

196 332 383 372 perpetuam
395 329 600 362 elemosinam
612 355 618 361 .
630 329 720 362 illam
730 329 847 362 scilicet
860 341 956 371 quam
969 329 991 362 J
993 341 1147 362 omumts
1159 330 1287 363 Amwv
1298 331 1394 363 michi
1406 333 1538 365 reddere
1547 333 1659 367 debuit

196 409 254 440 pro
278 398 417 440 quodam
439 397 597 440 burgagio
620 398 655 430 in
678 398 754 430 villa
776 398 816 429 de
839 397 1001 430 KAERmr
1027 409 1099 430 cum
1121 399 1322 440 pertinentiis
1344 399 1409 431 suis
1431 401 1603 434 tenendam
1624 405 1657 435 et

194 466 376 499 habendam
391 467 430 498 de
446 477 496 498 me
513 470 544 498 et
559 466 729 498 heredibus
744 467 823 498 meis
837 465 936 498 libere
951 469 982 498 et
999 466 1104 508 quiete
1121 493 1128 499 .
1146 467 1226 499 sicut
1248 467 1315 499 ulla
1338 468 1509 500 elemosina
1526 469 1656 503 liberius

194 535 245 567 vel
260 535 374 566 melius
389 534 459 566 dari
475 537 577 576 potest
593 534 627 566 in
643 537 841 576 perpetuum.
889 534 934 566 Et
948 537 985 566 ut
1007 534 1065 567 hec
1079 546 1150 567 mea
1173 536 1302 568 donatio
1325 539 1395 568 rata
1417 540 1448 568 et
1471 537 1656 570 inconcussa

193 607 369 645 perseveret
387 628 393 634 .
411 602 484 634 huic
501 603 616 644 scripto
634 603 775 643 sigillum
791 614 898 634 meum
914 603 1054 644 apposui.
1101 603 1178 635 Hiis
1193 603 1335 636 testibus.

235 670 435 703 Entitled—‘
448 670 544 702 Curta
562 670 694 702 Roberti
710 671 749 702 de
765 670 877 702 Gardif
894 696 900 702 .
918 671 957 703 de
973 682 1038 703 una
1053 670 1134 703 libra
1151 671 1302 713 Cymini.’

842 739 878 765 .1)
895 738 937 765 sio,
954 739 1004 761 MS.

812 905 1033 939 DCCXXVI.

189 985 351 1018 GRANT
389 986 454 1018 ΒΥ
493 986 736 1025 MATILDIS,
776 986 952 1019 WIDOW
989 986 1048 1019 OF
1086 986 1228 1019 HUGH
1267 987 1331 1019 DE
1368 987 1554 1020 KARDIF
1591 989 1650 1021 OF

296 1055 329 1086 A
384 1054 612 1087 BURGAGE
668 1054 723 1087 IN
776 1054 837 1087 ST.
885 1055 1024 1087 MARY
1079 1054 1268 1094 STREET,
1325 1055 1542 1096 CARDIFF,
1591 1057 1648 1090 ΤΟ

294 1122 504 1155 MARGAM
542 1122 713 1155 ABBEY.

645 1204 775 1245 [HARL.
802 1203 976 1243 Gramen,
1000 1206 1041 1236 75
1067 1203 1100 1236 C.
1125 1204 1195 1247 23]

227 1286 395 1317 Universis
419 1285 561 1318 Cmus‘n
586 1286 733 1318 fidelibus
755 1286 812 1318 has
834 1286 956 1318 litteras
979 1286 1092 1318 visuris
1112 1286 1161 1318 vel
1181 1287 1338 1318 audituris
1353 1286 1523 1318 MATILDIS
1537 1287 1646 1319 relicta

182 1353 342 1386 Hrcoxrs
359 1355 398 1385 de
414 1353 552 1385 Kmmn:
569 1358 712 1385 eternam
728 1354 760 1386 in
778 1355 907 1386 domino
923 1354 1067 1386 salutem.

225 1421 358 1453 Noverit
384 1423 573 1453 universitas.
597 1425 700 1453 vestra
723 1433 773 1453 me
805 1422 934 1454 consilio
964 1427 996 1454 et
1026 1433 1178 1454 consensu
1205 1422 1364 1454 Cmsmoe
1388 1423 1500 1455 sororis
1522 1434 1592 1455 mee
1613 1426 1645 1455 et

180 1491 316 1522 aliorum
336 1491 508 1522 amicorum
532 1502 673 1522 meorum
690 1491 723 1522 in
746 1491 845 1523 libera
867 1491 1022 1522 viduitate
1043 1501 1114 1522 mea
1135 1491 1258 1523 dedisse
1279 1494 1309 1522 et
1329 1491 1387 1523 hae
1406 1492 1543 1533 presenti
1559 1497 1645 1523 carta

178 1569 249 1590 mea
271 1559 470 1590 confirmasse
492 1558 561 1589 Deo
584 1562 615 1589 et
639 1559 765 1590 ecclesie
786 1559 877 1590 beate
903 1558 1024 1590 Mnus
1049 1559 1088 1590 de
1107 1558 1261 1590 MARGAN
1282 1562 1314 1590 et
1335 1559 1496 1591 monachis
1525 1559 1644 1591 ibidem

179 1626 249 1657 Deo
274 1626 485 1658 servientibus
510 1626 545 1658 in
573 1638 685 1668 puram
713 1633 743 1658 et
774 1630 958 1668 perpetuam
985 1627 1191 1659 elemosinam
1217 1627 1411 1669 burgagium
1432 1638 1538 1659 meum
1561 1627 1645 1659 illud

178 1694 324 1726 videlieet
341 1695 425 1736 quod
440 1694 523 1736 jacet
541 1695 575 1726 in
592 1695 659 1726 vico
680 1694 794 1726 Sancte
810 1694 928 1726 MAmE
945 1695 984 1726 de
1004 1694 1142 1726 KAmmv
1157 1695 1252 1737 juxta
1269 1695 1403 1726 fluvium
1420 1695 1518 1727 THAF
1535 1721 1542 1727 .
1559 1695 1643 1727 inter

178 1762 372 1805 burgagium
396 1763 599 1794 EAnwAKssR
623 1762 709 1795 Gusr
732 1788 738 1794 .
759 1766 791 1795 et
817 1762 1009 1805 burgagium
1034 1763 1180 1794 chARm
1204 1763 1262 1795 filii
1287 1762 1448 1795 Romam.
1506 1763 1643 1806 Insuper

176 1831 250 1862 dedi
273 1831 316 1862 eis
339 1835 370 1863 et
402 1831 587 1862 confirmavi
610 1835 715 1863 totum
748 1834 876 1873 pratum
909 1842 1016 1863 meum
1047 1832 1130 1872 quod
1161 1831 1246 1873 jacet
1278 1832 1361 1863 inter
1383 1832 1498 1863 walam
1521 1831 1642 1863 domini

176 1900 299 1931 comitis
315 1903 345 1930 et
363 1903 493 1941 pratum
509 1899 617 1931 Lccnz
633 1900 673 1931 de
690 1898 893 1931 KANETUNE.
941 1899 994 1930 Ita
1016 1899 1111 1941 plane
1135 1905 1170 1931 ut
1195 1899 1335 1931 habeant
1357 1903 1389 1931 et
1411 1903 1542 1932 teneant
1564 1899 1642 1931 djefi

179 1967 324 1998 monachi
348 1967 466 1998 dictam
489 1968 695 1999 donationem
716 1971 746 1998 et
771 1967 1043 1999 confirmationem
1066 1969 1134 1999 tam
1153 1967 1192 1999 de
1210 1967 1367 2010 burgagio
1383 1978 1477 2009 quam
1494 1968 1534 1999 de
1548 1970 1639 2009 prato

176 2035 256 2067 sieut
272 2035 338 2066 ulla
361 2035 532 2067 elemosina
548 2035 679 2067 liberius
694 2035 744 2068 vel
761 2035 898 2077 quietius
919 2035 1028 2067 haberi
1044 2036 1094 2067 vel
1117 2035 1218 2067 teneri
1235 2038 1338 2077 potest
1355 2060 1362 2066 .
1379 2040 1411 2067 et
1434 2047 1494 2078 ego
1517 2035 1638 2067 dietum

173 2102 368 2144 burgagium
393 2115 456 2134 una
478 2115 551 2135 cum
573 2107 664 2145 prato
688 2103 781 2135 dictis
803 2103 966 2135 monachis
989 2103 1201 2135 warantizabo
1225 2106 1334 2135 contra
1359 2113 1468 2135 omnes
1489 2102 1638 2134 mortales

173 2172 418 2214 imperpetuum.
466 2172 507 2204 Iu
523 2172 615 2214 eujus
633 2173 679 2204 rei
695 2172 918 2204 testimonium
940 2173 1015 2214 quia
1037 2172 1179 2214 sig-illum
1203 2173 1366 2214 proprium
1389 2183 1454 2203 non
1476 2171 1573 2203 habui
1595 2172 1638 2203 ad

172 2239 360 2281 petitionem
384 2251 487 2272 meam
521 2240 663 2273 'Paomis
686 2241 828 2273 Cmsrcs
854 2240 995 2283 sigillum
1027 2251 1119 2273 suum
1156 2240 1312 2282 apposuit.
1369 2239 1446 2271 Hiis
1467 2238 1600 2272 testibus
1627 2265 1634 2271 .
