1820 2548
215 223 297 254 1144

742 386 1054 420 DCCCCXXXIV.

171 477 453 514 QUIT-(JLAIM
481 476 546 509 BY
571 475 695 508 JOHN
724 475 785 507 LE
816 474 1067 507 HAYWARD
1095 474 1195 506 AND
1226 473 1357 512 JOAN,
1383 472 1464 505 HIS
1490 471 1627 512 WIFE,

279 545 547 578 DAUGHTER
591 544 650 576 OF
695 543 912 576 RICHARD
962 542 1174 581 SYWARD,
1221 541 1308 574 SON
1352 541 1454 573 AND
1506 539 1629 573 HEIR

280 614 339 646 OF
367 605 560 646 *DANIEL
598 611 812 650 SYWAflD,
850 611 976 644 LORD
1015 611 1074 643 OF
1117 608 1532 647 MERTHYR-MAWR,
1571 607 1628 640 ΤΟ

280 681 528 714 REGINALD
560 680 623 712 DE
651 679 901 712 SOMERTON
928 678 1028 711 AND
1053 677 1280 716 LORETTA,
1308 677 1389 709 HIS
1405 676 1542 716 WIFE,
1569 676 1629 709 OF

278 750 431 782 THEIR
462 749 613 781 RIGHT
647 748 704 781 ΤΟ
735 747 830 780 ALL
867 747 965 780 THE
999 747 1090 778 FEE
1122 746 1182 779 OF
1211 744 1627 784 MERTHYR-MAWR,

281 818 371 850 Fon
402 817 496 849 ONE
528 816 769 849 HUNDRED
801 815 974 847 MARKS.

766 896 931 939 [mems
954 894 1044 938 MS]

617 978 766 1015 vamr,
791 976 866 1008 Eu:
891 987 929 1008 or
952 987 1021 1008 THE
1045 977 1262 1008 Assmmxox
1286 986 1326 1006 OF
1350 985 1418 1006 Tm:
1442 974 1584 1007 Vmcm.

1015 1045 1054 1075 14
1077 1044 1166 1076 Ano.
1190 1044 1232 1085 72
1255 1043 1351 1074 Enw.
1376 1042 1444 1074 III.
1494 1042 1586 1074 1328.

216 1128 376 1160 Nox-erint
393 1127 533 1159 universi
554 1138 611 1168 per
625 1129 787 1168 presentes
802 1125 887 1167 quod
903 1136 960 1156 nos
975 1125 996 1157 J
999 1135 1156 1156 oHANNEs
1172 1124 1202 1155 le
1218 1124 1402 1155 HAYWARD
1419 1126 1450 1155 et
1465 1123 1488 1155 J
1490 1133 1631 1155 OHANNA

171 1208 251 1229 uxor
281 1207 349 1227 mea
382 1195 448 1227 filia
479 1194 625 1227 chfflzm
657 1193 803 1226 Sim-‘mn
833 1194 891 1225 filii
922 1196 953 1225 et
980 1193 1104 1224 heredis
1135 1192 1256 1224 domini
1286 1192 1456 1224 DAxles
1483 1190 1630 1223 Srwnm

172 1265 335 1307 quondam
359 1263 482 1295 domini
507 1263 547 1294 de
563 1262 836 1294 MARTHELMAUR
863 1261 1070 1294 concessimus
1093 1260 1272 1292 dimisimus
1287 1259 1501 1291 relaxavimus
1516 1270 1552 1290 ac
1574 1269 1631 1300 pro

172 1333 264 1366 nobis
296 1336 329 1364 et
364 1331 535 1363 heredibus
564 1331 681 1362 nostris
717 1331 952 1372 imperpetuum
978 1328 1330 1371 quietumelamavimus
1360 1327 1563 1359 Rncmirno
1593 1327 1634 1359 de

172 1401 377 1434 SOMERTONE
398 1403 430 1432 et
453 1399 613 1431 Lomzmz
635 1398 726 1430 uxori
749 1409 804 1430 sue
825 1401 857 1429 et
878 1409 987 1430 eorum
1002 1396 1172 1428 heredibus
1193 1397 1243 1428 vel
1264 1395 1435 1438 assignatis
1455 1398 1560 1427 totum
1579 1395 1632 1437 jus

175 1473 320 1502 nostrum
341 1472 374 1500 et
397 1468 547 1499 elamjum
567 1467 651 1509 quod
670 1466 762 1499 nobis
777 1466 891 1498 accidit
913 1465 964 1498 vel
987 1476 1174 1507 quocunque
1197 1465 1292 1496 modo
1314 1464 1348 1495 in
1371 1463 1478 1505 aliquo
1493 1465 1636 1505 tempore

173 1538 314 1570 accidere
336 1536 453 1579 poterit
476 1536 509 1567 in
534 1534 682 1566 omnibus
704 1534 797 1566 terris
819 1537 849 1566 et
872 1533 1063 1565 tenementis
1078 1532 1269 1564 molendinis
1284 1532 1384 1574 pratis
1399 1543 1472 1563 oum
1487 1530 1635 1563 omnibus

174 1605 359 1638 tenentibus
379 1608 447 1636 tam
468 1603 577 1636 liberis
593 1614 689 1645 quam
710 1603 827 1634 nativis
842 1605 874 1634 et
889 1601 1036 1634 omnibus
1052 1612 1161 1633 eorum
1176 1600 1354 1632 redditibus
1369 1602 1402 1631 et
1418 1599 1556 1631 serviciis
1570 1609 1636 1631 una

176 1685 249 1707 cum
279 1673 421 1716 piscariis
451 1672 594 1715 gardinis
625 1671 801 1713 curtilagiis
831 1670 964 1712 cotagiis
991 1670 1050 1700 viis
1077 1669 1197 1701 semitis
1224 1668 1320 1700 vastis
1346 1670 1378 1699 et
1403 1667 1540 1710 pasturis
1565 1677 1638 1699 cum

178 1742 325 1775 omnibus
356 1741 427 1773 aliis
457 1740 521 1772 suis
551 1739 755 1782 pertinenciis
785 1739 825 1770 ad
856 1738 986 1770 feodum
1011 1738 1050 1769 de
1079 1737 1352 1768 MARTHELMAUR
1377 1735 1639 1777 qualitercunque

180 1809 404 1853 spectantibus.
451 1807 651 1840 Hubendum
672 1810 704 1838 et
719 1807 894 1838 tenendum
913 1806 1020 1837 omnia
1041 1805 1183 1847 predicta
1203 1808 1387 1836 tenementa
1402 1806 1434 1835 et
1454 1806 1554 1835 terras
1569 1812 1641 1835 eum

180 1877 327 1910 omnibus
353 1876 536 1908 tenentibus
562 1878 629 1907 tam
656 1875 764 1907 liberis
788 1885 885 1916 quam
911 1873 1029 1905 nativis
1053 1877 1085 1905 et
1107 1872 1256 1905 omnibus
1277 1883 1387 1904 eorum
1409 1870 1587 1903 redditibus
1609 1872 1642 1902 et

181 1946 319 1978 serviciis
357 1956 421 1976 una
459 1955 531 1976 eum
566 1943 708 1985 piscariis
738 1942 882 1985 gardinis
917 1942 1092 1984 curtilagiis
1135 1941 1256 1983 cotagis
1292 1940 1352 1972 viis
1389 1939 1510 1971 semitis
1546 1938 1644 1971 vastis

182 2014 321 2056 pasturis
359 2017 391 2044 et
428 2023 500 2043 cum
537 2011 685 2043 omnibus
722 2011 793 2042 aliis
829 2010 1032 2052 pertinenciis
1062 2010 1103 2041 ad
1140 2009 1271 2041 feodum
1301 2009 1341 2040 de
1372 2007 1643 2040 MARTHELMAUR

181 2082 364 2124 aliqualiter
389 2080 604 2123 spectantibus
630 2079 780 2122 predictis
808 2078 1010 2110 RncleLno
1036 2077 1192 2110 LoRETrE
1215 2080 1247 2109 et
1270 2087 1378 2108 eorum
1400 2074 1570 2107 heredibus
1593 2074 1645 2106 vel

182 2150 353 2193 assignatis
375 2150 454 2181 adeo
476 2148 574 2181 libere
597 2148 722 2191 integre
746 2153 777 2180 et
801 2147 906 2189 quiete
930 2147 1010 2178 sicut
1033 2157 1176 2188 unquam
1200 2145 1375 2177 Rmxmrs
1391 2143 1534 2176 Srwinn
1555 2145 1646 2185 pater

182 2230 273 2252 meus
295 2218 380 2250 filius
403 2221 432 2249 et
456 2216 546 2248 heres
569 2216 691 2248 domini
707 2216 876 2248 Dmxms
892 2214 1038 2247 SYWARD
1055 2214 1169 2246 melius
1189 2213 1315 2255 plenius
1330 2215 1359 2244 et
1384 2211 1515 2243 liberius
1529 2210 1643 2242 tenuit.

185 2288 237 2320 Ita
253 2287 401 2318 videlicet
417 2287 502 2327 quod
525 2297 582 2317 nec
605 2296 662 2317 nos
687 2285 763 2316 dicti
786 2284 967 2317 JOHANNES
990 2286 1021 2315 et
1044 2283 1207 2315 JOHANNA
1232 2293 1289 2313 nec
1312 2281 1443 2312 heredes
1466 2279 1566 2311 nostri
1588 2289 1646 2311 nec
