1820 2548
1556 192 1636 223 1041

215 349 257 380 ad
272 348 358 379 diem
377 348 583 380 confectionis
603 348 801 390 presencium
823 348 965 390 plenarie
989 351 1035 380 est
1058 348 1266 380 satisfactum.
1313 347 1367 380 Ita
1388 349 1483 390 plane
1509 349 1595 390 quod
1622 359 1682 391 ego

216 416 401 449 GRIFFITH’
425 417 585 458 predictus
609 442 615 448 .
640 416 798 458 predictos
824 416 973 448 abbatem
996 420 1028 449 et
1053 419 1245 449 conventum
1272 417 1312 448 de
1337 416 1506 458 arreragiis
1532 417 1682 459 predictis

215 489 325 517 contra
355 496 559 527 quoscunque
589 485 748 516 immunes
778 485 893 516 faciam
925 488 956 517 et
986 485 1119 527 quietos.
1177 484 1219 517 In
1250 485 1343 527 cujus
1379 485 1425 516 rei
1462 485 1682 517 testimonium

215 553 358 596 sigillum
384 565 491 586 meum
513 553 713 596 presentibus
735 554 878 596 apposui.
925 554 970 586 Et
998 555 1073 596 quia
1098 554 1241 596 sigillum
1267 565 1376 585 meum
1398 554 1506 585 minus
1529 554 1609 585 bene
1634 557 1680 585 est

216 623 382 664 cognitum
398 622 540 664 sigillum
557 622 679 654 domini
695 621 840 653 LEISANI
857 623 896 654 de
912 622 1037 654 Ax-Exss
1054 622 1173 665 apponi
1188 623 1363 664 procuravi.

258 691 383 723 Datum
399 692 485 733 apud
500 690 653 722 MARGAN
670 691 722 723 die
737 690 854 723 Martis
874 691 1021 733 proxima
1043 694 1114 734 post
1136 691 1255 723 festum
1277 691 1369 723 beate
1390 691 1500 724 Luem
1523 693 1658 736 virginis
1675 720 1681 726 .

213 771 298 791 anno
314 759 448 791 Domini
463 759 632 791 millesimo
648 764 742 791 cccm-
758 759 980 792 sextodecimo.

260 829 288 860 l.
334 828 417 866 Seal,
434 828 499 869 gin.
517 828 626 867 diam„
642 827 677 859 in
692 828 749 859 red
764 839 844 859 wax.
891 830 924 860 A
940 828 1131 860 fleur-de-lis
1146 828 1288 860 between
1304 831 1367 860 two
1383 832 1546 861 crescents.

694 899 701 913 ‘
715 901 747 933 -ἱ-
776 908 790 928 s
807 922 1024 929 .........
1042 897 1174 929 Μοιὶο’.’

259 964 383 997 Second
399 965 463 997 seal
478 965 633 1007 wanting.

820 1058 1086 1091 DCCOLXXX.

216 1139 378 1172 GRANT
412 1139 478 1172 BY
511 1139 752 1180 MATILDIS,
788 1139 960 1172 RELIOT
999 1140 1058 1173 OF
1096 1140 1241 1173 HUGH
1276 1141 1340 1173 DE
1381 1141 1592 1182 KARDYF,
1628 1141 1687 1174 OF

324 1208 459 1241 LAND
483 1208 538 1240 IN
562 1208 660 1241 THE
683 1208 816 1241 MOOR
839 1208 898 1240 OF
921 1208 1138 1249 TREIKIK,
1163 1209 1220 1242 ΤΟ
1244 1210 1454 1243 MARGAM
1476 1210 1648 1243 ABBEY.

756 1290 931 1334 [MARGAM
956 1290 1151 1334 CHARTER]

267 1364 442 1407 [Omnibus
459 1364 599 1397 Cmusm
617 1365 765 1397 fidelibus
780 1377 909 1407 presens
930 1365 1100 1408 scriptum]
1130 1366 1246 1398 visin-is
1267 1367 1318 1398 vel
1339 1367 1497 1399 audituris
1517 1367 1689 1399 Mnums

216 1434 327 1466 relicta
343 1434 504 1466 Hoooxls
520 1435 560 1465 de
576 1433 724 1466 KARDYF
739 1437 883 1466 eternam
898 1435 933 1466 in
949 1435 1079 1467 domino
1099 1435 1281 1478 [salutem].

259 1501 395 1533 Noverit
417 1501 608 1533 universitas
631 1504 735 1533 vestra
759 1512 810 1533 me
833 1502 963 1534 consilio
990 1507 1022 1534 et
1050 1513 1203 1534 consensu
1233 1502 1395 1535 Omsmm
1422 1503 1537 1536 sororis
1562 1514 1632 1535 mee
1655 1505 1687 1535 et

216 1571 352 1602 aliorum
367 1570 542 1602 amicorum
557 1573 737 1602 nostrorum
753 1571 880 1612 quitum
896 1572 1046 1604 clamasse
1062 1575 1093 1604 et
1112 1571 1286 1614 abjurasse,
1303 1577 1335 1605 et
1356 1572 1415 1604 hac
1438 1572 1577 1614 presenti
1600 1575 1687 1604 carta

220 1639 420 1671 confirmasse
435 1637 506 1670 Deo
518 1641 550 1670 et
565 1638 692 1671 ecclesie
707 1638 800 1671 beate
816 1639 936 1671 Minus
953 1641 993 1672 de
1014 1639 1168 1672 MARGAN
1192 1644 1223 1672 et
1247 1640 1411 1672 monachis
1434 1640 1554 1672 ibidem
1581 1640 1684 1683 [Deo]

219 1707 430 1740 servientibus
446 1710 551 1739 totum
567 1707 718 1739 clamium
733 1719 841 1740 meum
857 1709 942 1751 quod
959 1709 1131 1741 habuimus
1146 1710 1186 1741 de
1202 1720 1292 1741 mora
1307 1710 1347 1741 de
1362 1708 1519 1741 Tnssnssn
1536 1712 1567 1742 et
1583 1713 1688 1742 totum

209 1775 265 1818 jus
287 1777 373 1818 quod
396 1775 579 1808 dicebamus
601 1788 659 1808 nos
681 1776 797 1809 habere
820 1777 855 1808 in
879 1778 991 1810 eadem
1013 1789 1103 1810 mora
1128 1803 1133 1809 .
1159 1780 1195 1810 ut
1226 1778 1366 1810 habeant
1392 1780 1424 1810 et
1451 1782 1583 1810 teneant
1610 1778 1687 1810 dicti

213 1844 361 1877 monachi
398 1844 518 1876 dictam
551 1855 673 1876 moram
709 1845 807 1878 libere
837 1848 870 1878 et
899 1846 1006 1888 quiete
1037 1849 1069 1879 et
1103 1847 1231 1888 pacifice
1267 1857 1324 1889 pro
1355 1846 1446 1879 nobis
1476 1851 1509 1878 et
1539 1846 1687 1879 omnibus

213 1913 384 1945 heredibus
413 1913 530 1945 nostris
567 1913 622 1955 qui
660 1916 736 1945 sunt
760 1939 766 1945 .
791 1917 824 1946 et
855 1915 910 1956 qui
940 1915 1044 1946 futuri
1074 1918 1148 1946 sunt
1173 1940 1180 1946 .
1205 1918 1237 1947 et
1276 1914 1424 1947 omnibus
1458 1916 1686 1949 suecessoribus

215 1982 330 2015 nostris
345 1983 583 2024 imperpetuum
600 2008 606 2014 .
624 1983 705 2015 sicut
721 1983 788 2015 ulla
803 1983 976 2016 elemosina
993 1984 1043 2016 vel
1064 1984 1168 2016 ullum
1187 1986 1408 2016 tenementum
1429 1983 1560 2016 liberius
1575 1984 1686 2018 haberi

211 2052 316 2093 potest
342 2050 394 2082 vel
418 2050 529 2082 teneri.
575 2050 622 2082 Et
645 2061 703 2083 nos
726 2077 733 2082 .
758 2055 791 2083 et
816 2051 946 2084 heredes
973 2053 1073 2084 nostri
1096 2051 1375 2084 warantizabimus
1403 2052 1496 2084 dictis
1523 2054 1686 2086 monachis

214 2119 333 2151 dictam
349 2119 472 2161 quitam
488 2119 713 2152 clamationem
728 2123 839 2152 contra
861 2132 970 2153 omnes
988 2120 1134 2153 homines
1148 2121 1183 2152 in
1204 2124 1405 2163 perpetuum.
1452 2121 1497 2153 Et
1521 2122 1685 2155 sciendum

214 2188 301 2230 quod
315 2188 516 2220 affidavimus
531 2190 563 2220 et
579 2199 674 2230 super
688 2192 886 2221 sacrosancta
901 2190 1029 2222 ecclesie
1045 2190 1084 2222 de
1106 2189 1260 2222 MARGAN
1277 2189 1457 2231 juravimus
1473 2191 1559 2232 quod
1577 2192 1685 2223 omnia

211 2256 273 2288 ista
287 2256 425 2288 fideliter
440 2259 472 2288 et
486 2257 555 2288 sine
571 2257 644 2289 dolo
661 2257 856 2290 servabimus
871 2259 906 2290 in
922 2262 1123 2301 perpetuum.
1171 2258 1248 2290 Hiis
1264 2258 1407 2290 testibus.

366 2361 418 2387 fir
