<?xml version="1.0" encoding="UTF-8"?>
<!DOCTYPE html PUBLIC "-//W3C//DTD XHTML 1.0 Transitional//EN"
    "http://www.w3.org/TR/xhtml1/DTD/xhtml1-transitional.dtd">
<html xmlns="http://www.w3.org/1999/xhtml" xml:lang="en" lang="en">
 <head>
  <title>
</title>
<meta http-equiv="Content-Type" content="text/html;charset=utf-8" />
  <meta name='ocr-system' content='tesseract 3.04.00' />
  <meta name='ocr-capabilities' content='ocr_page ocr_carea ocr_par ocr_line ocrx_word'/>
</head>
<body>
  <div class='ocr_page' id='page_1' title='image "./cartaeetaliamuni03claruoft_0054.png"; bbox 0 0 1820 2548; ppageno 0'>
   <div class='ocr_carea' id='block_1_1' title="bbox 203 201 265 231">
    <p class='ocr_par' dir='ltr' id='par_1_1' title="bbox 203 201 265 231">
     <span class='ocr_line' id='line_1_1' title="bbox 203 201 265 231; baseline -0.048 0"><span class='ocrx_word' id='word_1_1' title='bbox 203 201 265 231; x_wconf 60' lang='lat'><strong>750·</strong></span> 
     </span>
    </p>
   </div>
   <div class='ocr_carea' id='block_1_2' title="bbox 155 356 1613 601">
    <p class='ocr_par' dir='ltr' id='par_1_2' title="bbox 155 356 1613 601">
     <span class='ocr_line' id='line_1_2' title="bbox 156 356 1610 398; baseline 0.001 -10"><span class='ocrx_word' id='word_1_2' title='bbox 156 360 185 388; x_wconf 80' lang='lat' dir='ltr'>et</span> <span class='ocrx_word' id='word_1_3' title='bbox 211 357 424 389; x_wconf 77' lang='lat' dir='ltr'><strong>defendemus.</strong></span> <span class='ocrx_word' id='word_1_4' title='bbox 471 356 515 388; x_wconf 84' lang='lat' dir='ltr'>Et</span> <span class='ocrx_word' id='word_1_5' title='bbox 539 365 574 389; x_wconf 87' lang='lat' dir='ltr'>ut</span> <span class='ocrx_word' id='word_1_6' title='bbox 594 368 663 388; x_wconf 78' lang='lat' dir='ltr'>mea</span> <span class='ocrx_word' id='word_1_7' title='bbox 680 357 810 388; x_wconf 80' lang='lat' dir='ltr'>donacio</span> <span class='ocrx_word' id='word_1_8' title='bbox 830 356 985 388; x_wconf 75' lang='lat' dir='ltr'>concessio</span> <span class='ocrx_word' id='word_1_9' title='bbox 1008 358 1039 387; x_wconf 82' lang='lat' dir='ltr'>et</span> <span class='ocrx_word' id='word_1_10' title='bbox 1062 356 1161 398; x_wconf 91' lang='lat' dir='ltr'>sigilli</span> <span class='ocrx_word' id='word_1_11' title='bbox 1184 356 1246 388; x_wconf 89' lang='lat' dir='ltr'>mei</span> <span class='ocrx_word' id='word_1_12' title='bbox 1268 356 1466 389; x_wconf 70' lang='lat' dir='ltr'>oonfirmaoio</span> <span class='ocrx_word' id='word_1_13' title='bbox 1488 360 1555 389; x_wconf 80' lang='lat' dir='ltr'>rate</span> <span class='ocrx_word' id='word_1_14' title='bbox 1578 359 1610 389; x_wconf 82' lang='lat' dir='ltr'>et</span> 
     </span>
     <span class='ocr_line' id='line_1_3' title="bbox 155 424 1606 467; baseline 0.001 -10"><span class='ocrx_word' id='word_1_15' title='bbox 155 424 283 457; x_wconf 78' lang='lat' dir='ltr'>stabiles</span> <span class='ocrx_word' id='word_1_16' title='bbox 311 428 519 467; x_wconf 77' lang='lat' dir='ltr'>permaneant</span> <span class='ocrx_word' id='word_1_17' title='bbox 544 425 625 457; x_wconf 80' lang='lat' dir='ltr'>hane</span> <span class='ocrx_word' id='word_1_18' title='bbox 649 428 827 467; x_wconf 75' lang='lat' dir='ltr'>presentem</span> <span class='ocrx_word' id='word_1_19' title='bbox 856 427 975 456; x_wconf 77' lang='lat' dir='ltr'>cartam</span> <span class='ocrx_word' id='word_1_20' title='bbox 1000 424 1098 466; x_wconf 81' lang='lat' dir='ltr'>sigilli</span> <span class='ocrx_word' id='word_1_21' title='bbox 1129 424 1191 457; x_wconf 88' lang='lat' dir='ltr'>mei</span> <span class='ocrx_word' id='word_1_22' title='bbox 1220 425 1424 467; x_wconf 78' lang='lat' dir='ltr'>impressione</span> <span class='ocrx_word' id='word_1_23' title='bbox 1455 425 1606 458; x_wconf 83' lang='lat' dir='ltr'>roboravi.</span> 
     </span>
     <span class='ocr_line' id='line_1_4' title="bbox 157 492 1613 526; baseline 0 -1"><span class='ocrx_word' id='word_1_24' title='bbox 157 492 234 525; x_wconf 88' lang='lat' dir='ltr'>Hiis</span> <span class='ocrx_word' id='word_1_25' title='bbox 250 493 382 525; x_wconf 78' lang='lat' dir='ltr'>testibus</span> <span class='ocrx_word' id='word_1_26' title='bbox 400 519 405 524; x_wconf 94' lang='lat'>.</span> <span class='ocrx_word' id='word_1_27' title='bbox 423 493 552 525; x_wconf 85' lang='lat' dir='ltr'>domino</span> <span class='ocrx_word' id='word_1_28' title='bbox 568 493 728 525; x_wconf 64' lang='lat' dir='ltr'>Rosmzro</span> <span class='ocrx_word' id='word_1_29' title='bbox 749 493 788 524; x_wconf 87' lang='lat' dir='ltr'>de</span> <span class='ocrx_word' id='word_1_30' title='bbox 812 492 950 524; x_wconf 66' lang='lat' dir='ltr'>somam·</span> <span class='ocrx_word' id='word_1_31' title='bbox 971 517 977 524; x_wconf 93' lang='lat'>.</span> <span class='ocrx_word' id='word_1_32' title='bbox 1001 492 1127 524; x_wconf 66' lang='lat' dir='ltr'>Tuom</span> <span class='ocrx_word' id='word_1_33' title='bbox 1150 493 1189 525; x_wconf 89' lang='lat' dir='ltr'>de</span> <span class='ocrx_word' id='word_1_34' title='bbox 1212 492 1378 524; x_wconf 76' lang='lat' dir='ltr'>NBRBERT</span> <span class='ocrx_word' id='word_1_35' title='bbox 1395 519 1400 524; x_wconf 95' lang='lat'>.</span> <span class='ocrx_word' id='word_1_36' title='bbox 1419 492 1613 526; x_wconf 74' lang='lat' dir='ltr'>WILLELMO</span> 
     </span>
     <span class='ocr_line' id='line_1_5' title="bbox 156 560 1610 601; baseline 0.001 -9"><span class='ocrx_word' id='word_1_37' title='bbox 156 561 321 593; x_wconf 65' lang='lat' dir='ltr'>menm:</span> <span class='ocrx_word' id='word_1_38' title='bbox 347 588 352 592; x_wconf 97' lang='lat'>.</span> <span class='ocrx_word' id='word_1_39' title='bbox 376 561 544 593; x_wconf 73' lang='lat' dir='ltr'>Pmmpo</span> <span class='ocrx_word' id='word_1_40' title='bbox 568 561 598 593; x_wconf 88' lang='lat' dir='ltr'>le</span> <span class='ocrx_word' id='word_1_41' title='bbox 622 560 689 593; x_wconf 70' lang='lat' dir='ltr'>Son</span> <span class='ocrx_word' id='word_1_42' title='bbox 710 587 716 593; x_wconf 83' lang='lat'>.</span> <span class='ocrx_word' id='word_1_43' title='bbox 742 561 936 593; x_wconf 65' lang='lat' dir='ltr'>Wunnmto</span> <span class='ocrx_word' id='word_1_44' title='bbox 960 561 999 592; x_wconf 91' lang='lat' dir='ltr'>de</span> <span class='ocrx_word' id='word_1_45' title='bbox 1022 560 1132 593; x_wconf 71' lang='lat' dir='ltr'>BAmu</span> <span class='ocrx_word' id='word_1_46' title='bbox 1155 560 1275 601; x_wconf 86' lang='lat' dir='ltr'>juniori</span> <span class='ocrx_word' id='word_1_47' title='bbox 1300 587 1305 592; x_wconf 89' lang='lat'><em>.</em></span> <span class='ocrx_word' id='word_1_48' title='bbox 1332 561 1426 592; x_wconf 70' lang='lat' dir='ltr'>Em</span> <span class='ocrx_word' id='word_1_49' title='bbox 1449 561 1577 593; x_wconf 62' lang='lat' dir='ltr'>BAssm</span> <span class='ocrx_word' id='word_1_50' title='bbox 1604 588 1610 593; x_wconf 92' lang='lat'>.</span> 
     </span>
    </p>
   </div>
   <div class='ocr_carea' id='block_1_3' title="bbox 155 629 1611 730">
    <p class='ocr_par' dir='ltr' id='par_1_3' title="bbox 155 629 1611 730">
     <span class='ocr_line' id='line_1_6' title="bbox 155 629 1611 662; baseline -0.001 0"><span class='ocrx_word' id='word_1_51' title='bbox 155 629 315 662; x_wconf 62' lang='lat' dir='ltr'>Hitxmvo</span> <span class='ocrx_word' id='word_1_52' title='bbox 328 631 367 662; x_wconf 77' lang='lat' dir='ltr'>«le</span> <span class='ocrx_word' id='word_1_53' title='bbox 380 630 595 662; x_wconf 56' lang='lat' dir='ltr'>Grovcswnn</span> <span class='ocrx_word' id='word_1_54' title='bbox 614 656 619 661; x_wconf 93' lang='lat'>.</span> <span class='ocrx_word' id='word_1_55' title='bbox 637 629 730 661; x_wconf 71' lang='lat' dir='ltr'>ELn</span> <span class='ocrx_word' id='word_1_56' title='bbox 747 631 786 661; x_wconf 85' lang='lat' dir='ltr'>de</span> <span class='ocrx_word' id='word_1_57' title='bbox 803 629 931 661; x_wconf 70' lang='lat' dir='ltr'>SANcro</span> <span class='ocrx_word' id='word_1_58' title='bbox 946 629 1131 661; x_wconf 69' lang='lat' dir='ltr'>chnmn</span> <span class='ocrx_word' id='word_1_59' title='bbox 1149 655 1155 660; x_wconf 92' lang='lat'><strong>.</strong></span> <span class='ocrx_word' id='word_1_60' title='bbox 1173 629 1366 661; x_wconf 77' lang='lat' dir='ltr'>WILLELMO</span> <span class='ocrx_word' id='word_1_61' title='bbox 1383 629 1448 661; x_wconf 90' lang='lat' dir='ltr'>filio</span> <span class='ocrx_word' id='word_1_62' title='bbox 1464 629 1585 661; x_wconf 74' lang='lat' dir='ltr'>Hmuu</span> <span class='ocrx_word' id='word_1_63' title='bbox 1605 655 1611 661; x_wconf 92' lang='lat'><strong><em>.</em></strong></span> 
     </span>
     <span class='ocr_line' id='line_1_7' title="bbox 156 698 406 730; baseline 0 0"><span class='ocrx_word' id='word_1_64' title='bbox 156 703 188 730; x_wconf 88' lang='lat' dir='ltr'>et</span> <span class='ocrx_word' id='word_1_65' title='bbox 203 698 313 730; x_wconf 80' lang='lat' dir='ltr'>multis</span> <span class='ocrx_word' id='word_1_66' title='bbox 328 698 406 730; x_wconf 84' lang='lat' dir='ltr'>aliis.</span> 
     </span>
    </p>
   </div>
   <div class='ocr_carea' id='block_1_4' title="bbox 808 790 960 823">
    <p class='ocr_par' dir='ltr' id='par_1_4' title="bbox 808 790 960 823">
     <span class='ocr_line' id='line_1_8' title="bbox 808 790 960 823; baseline -0.007 0"><span class='ocrx_word' id='word_1_67' title='bbox 808 790 960 823; x_wconf 85' lang='lat' dir='ltr'>DCXOI.</span> 
     </span>
    </p>
   </div>
   <div class='ocr_carea' id='block_1_5' title="bbox 176 870 1590 967">
    <p class='ocr_par' dir='ltr' id='par_1_5' title="bbox 176 870 1590 967">
     <span class='ocr_line' id='line_1_9' title="bbox 176 870 1590 906; baseline -0.003 0"><span class='ocrx_word' id='word_1_68' title='bbox 176 873 337 906; x_wconf 73' lang='lat' dir='ltr'>PAGAN</span> <span class='ocrx_word' id='word_1_69' title='bbox 375 873 438 905; x_wconf 89' lang='lat' dir='ltr'>DE</span> <span class='ocrx_word' id='word_1_70' title='bbox 477 872 626 905; x_wconf 81' lang='lat' dir='ltr'>REGNI</span> <span class='ocrx_word' id='word_1_71' title='bbox 665 871 850 904; x_wconf 77' lang='lat' dir='ltr'><strong>GRANTS</strong></span> <span class='ocrx_word' id='word_1_72' title='bbox 882 872 913 902; x_wconf 81' lang='lat' dir='ltr'>A</span> <span class='ocrx_word' id='word_1_73' title='bbox 948 870 1162 903; x_wconf 81' lang='lat' dir='ltr'><strong>MEADOW</strong></span> <span class='ocrx_word' id='word_1_74' title='bbox 1192 870 1247 902; x_wconf 91' lang='lat' dir='ltr'>IN</span> <span class='ocrx_word' id='word_1_75' title='bbox 1279 870 1590 903; x_wconf 81' lang='lat' dir='ltr'>PAPELMORE=</span> 
     </span>
     <span class='ocr_line' id='line_1_10' title="bbox 578 933 1191 967; baseline -0.005 0"><span class='ocrx_word' id='word_1_76' title='bbox 578 934 635 967; x_wconf 88' lang='grc' dir='ltr'>ΤΟ</span> <span class='ocrx_word' id='word_1_77' title='bbox 673 933 877 967; x_wconf 80' lang='lat' dir='ltr'>WALTER</span> <span class='ocrx_word' id='word_1_78' title='bbox 914 933 978 966; x_wconf 88' lang='lat' dir='ltr'>DE</span> <span class='ocrx_word' id='word_1_79' title='bbox 1016 933 1191 965; x_wconf 78' lang='lat' dir='ltr'>REGNY.</span> 
     </span>
    </p>
   </div>
   <div class='ocr_carea' id='block_1_6' title="bbox 649 1013 1122 1058">
    <p class='ocr_par' dir='ltr' id='par_1_6' title="bbox 649 1013 1122 1058">
     <span class='ocr_line' id='line_1_11' title="bbox 649 1013 1122 1058; baseline -0.004 -11"><span class='ocrx_word' id='word_1_80' title='bbox 649 1015 752 1058; x_wconf 83' lang='lat' dir='ltr'>[Ano.</span> <span class='ocrx_word' id='word_1_81' title='bbox 778 1015 952 1052; x_wconf 72' lang='lat' dir='ltr'>CHARTER,</span> <span class='ocrx_word' id='word_1_82' title='bbox 975 1013 1122 1056; x_wconf 77' lang='lat'>24,293.]</span> 
     </span>
    </p>
   </div>
   <div class='ocr_carea' id='block_1_7' title="bbox 152 1095 1627 2228">
    <p class='ocr_par' dir='ltr' id='par_1_7' title="bbox 152 1095 1627 2228">
     <span class='ocr_line' id='line_1_12' title="bbox 197 1095 1615 1140; baseline -0.001 -10"><span class='ocrx_word' id='word_1_83' title='bbox 197 1098 304 1131; x_wconf 78' lang='lat' dir='ltr'>Sciant</span> <span class='ocrx_word' id='word_1_84' title='bbox 321 1102 481 1140; x_wconf 80' lang='lat' dir='ltr'>presentes</span> <span class='ocrx_word' id='word_1_85' title='bbox 497 1102 527 1129; x_wconf 87' lang='lat' dir='ltr'>et</span> <span class='ocrx_word' id='word_1_86' title='bbox 544 1097 646 1129; x_wconf 81' lang='lat' dir='ltr'>futuri</span> <span class='ocrx_word' id='word_1_87' title='bbox 662 1097 747 1138; x_wconf 90' lang='lat' dir='ltr'>quod</span> <span class='ocrx_word' id='word_1_88' title='bbox 763 1107 822 1138; x_wconf 88' lang='lat' dir='ltr'>ego</span> <span class='ocrx_word' id='word_1_89' title='bbox 839 1096 999 1127; x_wconf 60' lang='lat' dir='ltr'>Pmmus</span> <span class='ocrx_word' id='word_1_90' title='bbox 1015 1096 1054 1127; x_wconf 89' lang='lat' dir='ltr'>de</span> <span class='ocrx_word' id='word_1_91' title='bbox 1071 1095 1195 1127; x_wconf 65' lang='lat' dir='ltr'>Rssaxx-</span> <span class='ocrx_word' id='word_1_92' title='bbox 1217 1096 1291 1127; x_wconf 81' lang='lat' dir='ltr'>dedi</span> <span class='ocrx_word' id='word_1_93' title='bbox 1307 1098 1337 1127; x_wconf 81' lang='lat' dir='ltr'>et</span> <span class='ocrx_word' id='word_1_94' title='bbox 1359 1095 1493 1127; x_wconf 81' lang='lat' dir='ltr'>concessi</span> <span class='ocrx_word' id='word_1_95' title='bbox 1510 1098 1542 1128; x_wconf 79' lang='lat' dir='ltr'>et</span> <span class='ocrx_word' id='word_1_96' title='bbox 1557 1096 1615 1128; x_wconf 81' lang='lat' dir='ltr'>hae</span> 
     </span>
     <span class='ocr_line' id='line_1_13' title="bbox 153 1163 1616 1210; baseline -0.002 -11"><span class='ocrx_word' id='word_1_97' title='bbox 153 1167 290 1210; x_wconf 83' lang='lat' dir='ltr'>presenti</span> <span class='ocrx_word' id='word_1_98' title='bbox 322 1170 408 1198; x_wconf 79' lang='lat' dir='ltr'>carta</span> <span class='ocrx_word' id='word_1_99' title='bbox 439 1177 510 1198; x_wconf 81' lang='lat' dir='ltr'>mea</span> <span class='ocrx_word' id='word_1_100' title='bbox 543 1165 729 1197; x_wconf 78' lang='lat' dir='ltr'>confirmavi</span> <span class='ocrx_word' id='word_1_101' title='bbox 765 1164 942 1196; x_wconf 76' lang='lat' dir='ltr'>WALTERO</span> <span class='ocrx_word' id='word_1_102' title='bbox 981 1164 1021 1195; x_wconf 88' lang='lat' dir='ltr'>de</span> <span class='ocrx_word' id='word_1_103' title='bbox 1055 1163 1178 1195; x_wconf 63' lang='lat' dir='ltr'>Rmsv</span> <span class='ocrx_word' id='word_1_104' title='bbox 1212 1166 1316 1196; x_wconf 83' lang='lat' dir='ltr'>totum</span> <span class='ocrx_word' id='word_1_105' title='bbox 1351 1166 1479 1205; x_wconf 76' lang='lat' dir='ltr'>pratum</span> <span class='ocrx_word' id='word_1_106' title='bbox 1510 1175 1616 1196; x_wconf 88' lang='lat' dir='ltr'>meum</span> 
     </span>
     <span class='ocr_line' id='line_1_14' title="bbox 153 1230 1616 1277; baseline -0.002 -10"><span class='ocrx_word' id='word_1_107' title='bbox 153 1236 239 1277; x_wconf 81' lang='lat' dir='ltr'>quod</span> <span class='ocrx_word' id='word_1_108' title='bbox 265 1235 349 1275; x_wconf 81' lang='lat' dir='ltr'>jacet</span> <span class='ocrx_word' id='word_1_109' title='bbox 379 1235 413 1266; x_wconf 93' lang='lat' dir='ltr'>in</span> <span class='ocrx_word' id='word_1_110' title='bbox 453 1234 661 1266; x_wconf 72' lang='lat' dir='ltr'><strong>PAPELMORE</strong></span> <span class='ocrx_word' id='word_1_111' title='bbox 692 1244 748 1274; x_wconf 89' lang='lat' dir='ltr'>pro</span> <span class='ocrx_word' id='word_1_112' title='bbox 783 1243 848 1263; x_wconf 83' lang='lat' dir='ltr'>una</span> <span class='ocrx_word' id='word_1_113' title='bbox 885 1242 957 1263; x_wconf 84' lang='lat' dir='ltr'>aera</span> <span class='ocrx_word' id='word_1_114' title='bbox 995 1231 1079 1273; x_wconf 90' lang='lat' dir='ltr'>quod</span> <span class='ocrx_word' id='word_1_115' title='bbox 1109 1231 1280 1272; x_wconf 80' lang='lat' dir='ltr'>aliquando</span> <span class='ocrx_word' id='word_1_116' title='bbox 1315 1230 1502 1263; x_wconf 73' lang='lat' dir='ltr'>AUDOENUS</span> <span class='ocrx_word' id='word_1_117' title='bbox 1531 1231 1616 1264; x_wconf 80' lang='lat' dir='ltr'>filius</span> 
     </span>
     <span class='ocr_line' id='line_1_15' title="bbox 154 1299 1617 1342; baseline -0.003 -5"><span class='ocrx_word' id='word_1_118' title='bbox 154 1304 339 1337; x_wconf 54' lang='lat' dir='ltr'>Gonwsmn</span> <span class='ocrx_word' id='word_1_119' title='bbox 357 1303 470 1335; x_wconf 81' lang='lat' dir='ltr'>tenuit.</span> <span class='ocrx_word' id='word_1_120' title='bbox 507 1302 697 1334; x_wconf 87' lang='lat' dir='ltr'>Tenendum</span> <span class='ocrx_word' id='word_1_121' title='bbox 711 1305 742 1333; x_wconf 78' lang='lat' dir='ltr'>et</span> <span class='ocrx_word' id='word_1_122' title='bbox 758 1301 941 1333; x_wconf 86' lang='lat' dir='ltr'>habendum</span> <span class='ocrx_word' id='word_1_123' title='bbox 953 1301 992 1332; x_wconf 88' lang='lat' dir='ltr'>de</span> <span class='ocrx_word' id='word_1_124' title='bbox 1005 1311 1055 1331; x_wconf 92' lang='lat' dir='ltr'>me</span> <span class='ocrx_word' id='word_1_125' title='bbox 1067 1301 1099 1331; x_wconf 74' lang='lat' dir='ltr'>et</span> <span class='ocrx_word' id='word_1_126' title='bbox 1110 1299 1280 1331; x_wconf 78' lang='lat' dir='ltr'>heredibus</span> <span class='ocrx_word' id='word_1_127' title='bbox 1292 1300 1342 1331; x_wconf 87' lang='lat' dir='ltr'>vel</span> <span class='ocrx_word' id='word_1_128' title='bbox 1354 1299 1524 1342; x_wconf 72' lang='lat' dir='ltr'>assignatis</span> <span class='ocrx_word' id='word_1_129' title='bbox 1539 1300 1617 1332; x_wconf 90' lang='lat' dir='ltr'>meis</span> 
     </span>
     <span class='ocr_line' id='line_1_16' title="bbox 152 1368 1619 1411; baseline -0.004 -6"><span class='ocrx_word' id='word_1_130' title='bbox 152 1373 213 1405; x_wconf 89' lang='lat' dir='ltr'>sibi</span> <span class='ocrx_word' id='word_1_131' title='bbox 236 1376 267 1404; x_wconf 83' lang='lat' dir='ltr'>et</span> <span class='ocrx_word' id='word_1_132' title='bbox 289 1371 458 1404; x_wconf 85' lang='lat' dir='ltr'>heredibus</span> <span class='ocrx_word' id='word_1_133' title='bbox 483 1371 547 1402; x_wconf 91' lang='lat' dir='ltr'>suis</span> <span class='ocrx_word' id='word_1_134' title='bbox 571 1370 620 1401; x_wconf 84' lang='lat' dir='ltr'>vel</span> <span class='ocrx_word' id='word_1_135' title='bbox 644 1369 813 1411; x_wconf 81' lang='lat' dir='ltr'>assignatis</span> <span class='ocrx_word' id='word_1_136' title='bbox 835 1369 900 1401; x_wconf 78' lang='lat' dir='ltr'>suis</span> <span class='ocrx_word' id='word_1_137' title='bbox 929 1368 1026 1400; x_wconf 86' lang='lat' dir='ltr'>libere</span> <span class='ocrx_word' id='word_1_138' title='bbox 1058 1368 1163 1409; x_wconf 77' lang='lat' dir='ltr'>quiete</span> <span class='ocrx_word' id='word_1_139' title='bbox 1187 1368 1315 1410; x_wconf 81' lang='lat' dir='ltr'>pacifice</span> <span class='ocrx_word' id='word_1_140' title='bbox 1342 1368 1467 1410; x_wconf 80' lang='lat' dir='ltr'>integre</span> <span class='ocrx_word' id='word_1_141' title='bbox 1494 1371 1525 1399; x_wconf 86' lang='lat' dir='ltr'>et</span> <span class='ocrx_word' id='word_1_142' title='bbox 1547 1368 1619 1410; x_wconf 87' lang='lat' dir='ltr'>jure</span> 
     </span>
     <span class='ocr_line' id='line_1_17' title="bbox 153 1435 1620 1478; baseline -0.003 -5"><span class='ocrx_word' id='word_1_143' title='bbox 153 1441 352 1473; x_wconf 75' lang='lat' dir='ltr'>hereditario.</span> <span class='ocrx_word' id='word_1_144' title='bbox 401 1440 578 1472; x_wconf 84' lang='lat' dir='ltr'>Reddendo</span> <span class='ocrx_word' id='word_1_145' title='bbox 595 1439 670 1470; x_wconf 87' lang='lat' dir='ltr'>inde</span> <span class='ocrx_word' id='word_1_146' title='bbox 687 1437 854 1469; x_wconf 75' lang='lat' dir='ltr'>annuatim</span> <span class='ocrx_word' id='word_1_147' title='bbox 870 1436 949 1468; x_wconf 88' lang='lat' dir='ltr'>mihi</span> <span class='ocrx_word' id='word_1_148' title='bbox 965 1439 997 1467; x_wconf 81' lang='lat' dir='ltr'>et</span> <span class='ocrx_word' id='word_1_149' title='bbox 1011 1435 1181 1467; x_wconf 81' lang='lat' dir='ltr'>heredibus</span> <span class='ocrx_word' id='word_1_150' title='bbox 1198 1436 1276 1467; x_wconf 89' lang='lat' dir='ltr'>meis</span> <span class='ocrx_word' id='word_1_151' title='bbox 1289 1435 1339 1467; x_wconf 87' lang='lat' dir='ltr'>vel</span> <span class='ocrx_word' id='word_1_152' title='bbox 1355 1436 1524 1478; x_wconf 81' lang='lat' dir='ltr'>assignatis</span> <span class='ocrx_word' id='word_1_153' title='bbox 1542 1436 1620 1468; x_wconf 88' lang='lat' dir='ltr'>meis</span> 
     </span>
     <span class='ocr_line' id='line_1_18' title="bbox 154 1503 1618 1552; baseline -0.005 -10"><span class='ocrx_word' id='word_1_154' title='bbox 154 1511 221 1552; x_wconf 88' lang='lat' dir='ltr'>ipse</span> <span class='ocrx_word' id='word_1_155' title='bbox 231 1513 263 1541; x_wconf 76' lang='lat' dir='ltr'>et</span> <span class='ocrx_word' id='word_1_156' title='bbox 274 1509 404 1541; x_wconf 85' lang='lat' dir='ltr'>heredes</span> <span class='ocrx_word' id='word_1_157' title='bbox 414 1508 461 1540; x_wconf 82' lang='lat' dir='ltr'>sui</span> <span class='ocrx_word' id='word_1_158' title='bbox 474 1508 524 1539; x_wconf 87' lang='lat' dir='ltr'>vel</span> <span class='ocrx_word' id='word_1_159' title='bbox 537 1507 690 1550; x_wconf 80' lang='lat' dir='ltr'>assignati</span> <span class='ocrx_word' id='word_1_160' title='bbox 703 1506 751 1538; x_wconf 85' lang='lat' dir='ltr'>sui</span> <span class='ocrx_word' id='word_1_161' title='bbox 764 1505 881 1538; x_wconf 77' lang='lat' dir='ltr'>scilieet</span> <span class='ocrx_word' id='word_1_162' title='bbox 892 1516 993 1536; x_wconf 92' lang='lat' dir='ltr'>unum</span> <span class='ocrx_word' id='word_1_163' title='bbox 1009 1504 1176 1536; x_wconf 81' lang='lat' dir='ltr'>denarium</span> <span class='ocrx_word' id='word_1_164' title='bbox 1189 1504 1222 1535; x_wconf 90' lang='lat' dir='ltr'>in</span> <span class='ocrx_word' id='word_1_165' title='bbox 1235 1503 1316 1536; x_wconf 78' lang='lat' dir='ltr'>festo</span> <span class='ocrx_word' id='word_1_166' title='bbox 1327 1503 1413 1536; x_wconf 75' lang='lat' dir='ltr'>beati</span> <span class='ocrx_word' id='word_1_167' title='bbox 1425 1503 1618 1535; x_wconf 73' lang='lat' dir='ltr'>MmHAEms</span> 
     </span>
     <span class='ocr_line' id='line_1_19' title="bbox 155 1572 1620 1621; baseline -0.005 -11"><span class='ocrx_word' id='word_1_168' title='bbox 155 1590 211 1621; x_wconf 88' lang='lat' dir='ltr'>pro</span> <span class='ocrx_word' id='word_1_169' title='bbox 227 1578 374 1610; x_wconf 87' lang='lat' dir='ltr'>omnibus</span> <span class='ocrx_word' id='word_1_170' title='bbox 392 1576 529 1608; x_wconf 79' lang='lat' dir='ltr'>serviciis</span> <span class='ocrx_word' id='word_1_171' title='bbox 545 1575 680 1618; x_wconf 78' lang='lat' dir='ltr'>querelis</span> <span class='ocrx_word' id='word_1_172' title='bbox 699 1573 980 1606; x_wconf 79' lang='lat' dir='ltr'>consuetudinibus</span> <span class='ocrx_word' id='word_1_173' title='bbox 1008 1572 1099 1604; x_wconf 84' lang='lat' dir='ltr'>sectis</span> <span class='ocrx_word' id='word_1_174' title='bbox 1114 1572 1274 1603; x_wconf 81' lang='lat' dir='ltr'>oun&#39;arum</span> <span class='ocrx_word' id='word_1_175' title='bbox 1293 1576 1325 1603; x_wconf 82' lang='lat' dir='ltr'>et</span> <span class='ocrx_word' id='word_1_176' title='bbox 1347 1572 1513 1604; x_wconf 75' lang='lat' dir='ltr'>demendis</span> <span class='ocrx_word' id='word_1_177' title='bbox 1535 1583 1620 1604; x_wconf 88' lang='lat' dir='ltr'>seeu-</span> 
     </span>
     <span class='ocr_line' id='line_1_20' title="bbox 156 1640 1621 1683; baseline -0.005 -4"><span class='ocrx_word' id='word_1_178' title='bbox 156 1646 284 1679; x_wconf 77' lang='lat' dir='ltr'>laribus.</span> <span class='ocrx_word' id='word_1_179' title='bbox 331 1646 394 1678; x_wconf 90' lang='lat' dir='ltr'>Pro</span> <span class='ocrx_word' id='word_1_180' title='bbox 410 1645 472 1677; x_wconf 86' lang='lat' dir='ltr'>hiis</span> <span class='ocrx_word' id='word_1_181' title='bbox 487 1648 594 1677; x_wconf 83' lang='lat' dir='ltr'>autem</span> <span class='ocrx_word' id='word_1_182' title='bbox 610 1643 782 1676; x_wconf 81' lang='lat' dir='ltr'>donacione</span> <span class='ocrx_word' id='word_1_183' title='bbox 804 1642 999 1674; x_wconf 79' lang='lat' dir='ltr'>concessione</span> <span class='ocrx_word' id='word_1_184' title='bbox 1020 1644 1051 1672; x_wconf 71' lang='grc' dir='ltr'>θ’(</span> <span class='ocrx_word' id='word_1_185' title='bbox 1075 1640 1172 1683; x_wconf 86' lang='lat' dir='ltr'>sigilli</span> <span class='ocrx_word' id='word_1_186' title='bbox 1192 1641 1254 1672; x_wconf 83' lang='lat' dir='ltr'>mei</span> <span class='ocrx_word' id='word_1_187' title='bbox 1278 1640 1518 1672; x_wconf 83' lang='lat' dir='ltr'>confirmacione</span> <span class='ocrx_word' id='word_1_188' title='bbox 1533 1640 1621 1672; x_wconf 81' lang='lat' dir='ltr'>dedit</span> 
     </span>
     <span class='ocr_line' id='line_1_21' title="bbox 156 1708 1621 1757; baseline -0.006 -9"><span class='ocrx_word' id='word_1_189' title='bbox 156 1716 236 1748; x_wconf 90' lang='lat' dir='ltr'>mihi</span> <span class='ocrx_word' id='word_1_190' title='bbox 251 1715 411 1757; x_wconf 73' lang='lat' dir='ltr'>predictus</span> <span class='ocrx_word' id='word_1_191' title='bbox 427 1713 622 1746; x_wconf 66' lang='lat' dir='ltr'>WALTEncs</span> <span class='ocrx_word' id='word_1_192' title='bbox 643 1713 682 1744; x_wconf 87' lang='lat' dir='ltr'>de</span> <span class='ocrx_word' id='word_1_193' title='bbox 700 1712 822 1744; x_wconf 66' lang='lat' dir='ltr'>Rnom-</span> <span class='ocrx_word' id='word_1_194' title='bbox 838 1711 958 1753; x_wconf 80' lang='lat' dir='ltr'>viginti</span> <span class='ocrx_word' id='word_1_195' title='bbox 984 1710 1100 1741; x_wconf 86' lang='lat' dir='ltr'>solidos</span> <span class='ocrx_word' id='word_1_196' title='bbox 1115 1709 1341 1751; x_wconf 76' lang='lat' dir='ltr'>sterlingorum</span> <span class='ocrx_word' id='word_1_197' title='bbox 1357 1708 1562 1750; x_wconf 76' lang='lat' dir='ltr'>premanibus</span> <span class='ocrx_word' id='word_1_198' title='bbox 1587 1709 1621 1740; x_wconf 90' lang='lat' dir='ltr'>in</span> 
     </span>
     <span class='ocr_line' id='line_1_22' title="bbox 154 1776 1622 1826; baseline -0.005 -10"><span class='ocrx_word' id='word_1_199' title='bbox 154 1777 385 1826; x_wconf 30' lang='lat' dir='ltr'>*recognioione</span> <span class='ocrx_word' id='word_1_200' title='bbox 443 1782 515 1824; x_wconf 84' lang='lat' dir='ltr'>Ego</span> <span class='ocrx_word' id='word_1_201' title='bbox 539 1793 611 1813; x_wconf 80' lang='lat' dir='ltr'>vero</span> <span class='ocrx_word' id='word_1_202' title='bbox 641 1780 882 1822; x_wconf 79' lang='lat' dir='ltr'>prenominatus</span> <span class='ocrx_word' id='word_1_203' title='bbox 904 1778 1024 1810; x_wconf 73' lang='lat' dir='ltr'>PAGAN</span> <span class='ocrx_word' id='word_1_204' title='bbox 1033 1788 1071 1809; x_wconf 79' lang='lat' dir='ltr'>us</span> <span class='ocrx_word' id='word_1_205' title='bbox 1095 1778 1135 1809; x_wconf 91' lang='lat' dir='ltr'>de</span> <span class='ocrx_word' id='word_1_206' title='bbox 1160 1776 1283 1808; x_wconf 67' lang='lat' dir='ltr'>REGNY</span> <span class='ocrx_word' id='word_1_207' title='bbox 1301 1780 1332 1809; x_wconf 84' lang='lat' dir='ltr'>et</span> <span class='ocrx_word' id='word_1_208' title='bbox 1347 1777 1478 1809; x_wconf 87' lang='lat' dir='ltr'>heredes</span> <span class='ocrx_word' id='word_1_209' title='bbox 1493 1777 1556 1809; x_wconf 87' lang='lat' dir='ltr'>mei</span> <span class='ocrx_word' id='word_1_210' title='bbox 1572 1777 1622 1809; x_wconf 89' lang='lat' dir='ltr'>vel</span> 
     </span>
     <span class='ocr_line' id='line_1_23' title="bbox 161 1845 1624 1895; baseline -0.005 -10"><span class='ocrx_word' id='word_1_211' title='bbox 161 1852 313 1895; x_wconf 68' lang='lat' dir='ltr'>assignati</span> <span class='ocrx_word' id='word_1_212' title='bbox 329 1852 392 1884; x_wconf 86' lang='lat' dir='ltr'>mei</span> <span class='ocrx_word' id='word_1_213' title='bbox 414 1851 555 1894; x_wconf 77' lang='lat' dir='ltr'>predicto</span> <span class='ocrx_word' id='word_1_214' title='bbox 579 1849 754 1882; x_wconf 64' lang='lat' dir='ltr'>Wuxrmzo</span> <span class='ocrx_word' id='word_1_215' title='bbox 777 1848 816 1879; x_wconf 86' lang='lat' dir='ltr'>de</span> <span class='ocrx_word' id='word_1_216' title='bbox 840 1847 963 1879; x_wconf 66' lang='lat' dir='ltr'>Rmxv</span> <span class='ocrx_word' id='word_1_217' title='bbox 988 1849 1020 1878; x_wconf 81' lang='lat' dir='ltr'>et</span> <span class='ocrx_word' id='word_1_218' title='bbox 1042 1845 1210 1878; x_wconf 86' lang='lat' dir='ltr'>heredibus</span> <span class='ocrx_word' id='word_1_219' title='bbox 1229 1845 1294 1877; x_wconf 90' lang='lat' dir='ltr'>suis</span> <span class='ocrx_word' id='word_1_220' title='bbox 1310 1845 1360 1877; x_wconf 88' lang='lat' dir='ltr'>vel</span> <span class='ocrx_word' id='word_1_221' title='bbox 1375 1845 1545 1887; x_wconf 70' lang='lat' dir='ltr'>assignatis</span> <span class='ocrx_word' id='word_1_222' title='bbox 1559 1845 1624 1877; x_wconf 86' lang='lat' dir='ltr'>suis</span> 
     </span>
     <span class='ocr_line' id='line_1_24' title="bbox 161 1914 1623 1963; baseline -0.007 -9"><span class='ocrx_word' id='word_1_223' title='bbox 161 1925 265 1954; x_wconf 82' lang='lat' dir='ltr'>totum</span> <span class='ocrx_word' id='word_1_224' title='bbox 298 1921 476 1963; x_wconf 72' lang='lat' dir='ltr'>predictum</span> <span class='ocrx_word' id='word_1_225' title='bbox 514 1922 641 1961; x_wconf 74' lang='lat' dir='ltr'>pratum</span> <span class='ocrx_word' id='word_1_226' title='bbox 673 1921 782 1949; x_wconf 82' lang='lat' dir='ltr'>eontra</span> <span class='ocrx_word' id='word_1_227' title='bbox 820 1927 929 1947; x_wconf 87' lang='lat' dir='ltr'>omnes</span> <span class='ocrx_word' id='word_1_228' title='bbox 968 1915 1113 1947; x_wconf 89' lang='lat' dir='ltr'>homines</span> <span class='ocrx_word' id='word_1_229' title='bbox 1144 1918 1176 1946; x_wconf 82' lang='lat' dir='ltr'>et</span> <span class='ocrx_word' id='word_1_230' title='bbox 1206 1914 1342 1946; x_wconf 75' lang='lat' dir='ltr'>feminas</span> <span class='ocrx_word' id='word_1_231' title='bbox 1371 1914 1404 1946; x_wconf 91' lang='lat' dir='ltr'>in</span> <span class='ocrx_word' id='word_1_232' title='bbox 1435 1915 1623 1956; x_wconf 73' lang='lat' dir='ltr'>perpetuum</span> 
     </span>
     <span class='ocr_line' id='line_1_25' title="bbox 164 1981 1623 2023; baseline -0.007 -1"><span class='ocrx_word' id='word_1_233' title='bbox 164 1989 439 2022; x_wconf 73' lang='lat' dir='ltr'>warentizabimus</span> <span class='ocrx_word' id='word_1_234' title='bbox 462 1991 493 2019; x_wconf 78' lang='lat' dir='ltr'>et</span> <span class='ocrx_word' id='word_1_235' title='bbox 515 1987 732 2019; x_wconf 81' lang='lat' dir='ltr'>defendemus.</span> <span class='ocrx_word' id='word_1_236' title='bbox 778 1985 823 2016; x_wconf 78' lang='lat' dir='ltr'>Et</span> <span class='ocrx_word' id='word_1_237' title='bbox 846 1987 881 2016; x_wconf 81' lang='lat' dir='ltr'>ut</span> <span class='ocrx_word' id='word_1_238' title='bbox 903 1983 960 2015; x_wconf 86' lang='lat' dir='ltr'>hec</span> <span class='ocrx_word' id='word_1_239' title='bbox 980 1994 1052 2015; x_wconf 82' lang='lat' dir='ltr'>mea</span> <span class='ocrx_word' id='word_1_240' title='bbox 1074 1982 1206 2014; x_wconf 80' lang='lat' dir='ltr'>donacio</span> <span class='ocrx_word' id='word_1_241' title='bbox 1227 1982 1382 2014; x_wconf 73' lang='lat' dir='ltr'>consessio</span> <span class='ocrx_word' id='word_1_242' title='bbox 1401 1984 1432 2014; x_wconf 82' lang='lat' dir='ltr'>et</span> <span class='ocrx_word' id='word_1_243' title='bbox 1447 1981 1546 2023; x_wconf 86' lang='lat' dir='ltr'>sigilli</span> <span class='ocrx_word' id='word_1_244' title='bbox 1560 1981 1623 2013; x_wconf 90' lang='lat' dir='ltr'>mei</span> 
     </span>
     <span class='ocr_line' id='line_1_26' title="bbox 165 2049 1623 2096; baseline -0.008 -5"><span class='ocrx_word' id='word_1_245' title='bbox 165 2058 363 2091; x_wconf 81' lang='lat' dir='ltr'>confirmacio</span> <span class='ocrx_word' id='word_1_246' title='bbox 393 2058 460 2088; x_wconf 77' lang='lat' dir='ltr'>rate</span> <span class='ocrx_word' id='word_1_247' title='bbox 491 2058 521 2087; x_wconf 73' lang='lat' dir='ltr'>et</span> <span class='ocrx_word' id='word_1_248' title='bbox 551 2054 679 2087; x_wconf 78' lang='lat' dir='ltr'>stabiles</span> <span class='ocrx_word' id='word_1_249' title='bbox 710 2054 917 2096; x_wconf 78' lang='lat' dir='ltr'>permaneant</span> <span class='ocrx_word' id='word_1_250' title='bbox 955 2052 1037 2083; x_wconf 82' lang='lat' dir='ltr'>haue</span> <span class='ocrx_word' id='word_1_251' title='bbox 1075 2054 1252 2092; x_wconf 77' lang='lat' dir='ltr'>presentem</span> <span class='ocrx_word' id='word_1_252' title='bbox 1284 2053 1403 2082; x_wconf 72' lang='lat' dir='ltr'>cartam</span> <span class='ocrx_word' id='word_1_253' title='bbox 1433 2049 1532 2092; x_wconf 87' lang='lat' dir='ltr'>sigilli</span> <span class='ocrx_word' id='word_1_254' title='bbox 1560 2049 1623 2081; x_wconf 91' lang='lat' dir='ltr'>mei</span> 
     </span>
     <span class='ocr_line' id='line_1_27' title="bbox 165 2117 1624 2169; baseline -0.008 -10"><span class='ocrx_word' id='word_1_255' title='bbox 165 2126 368 2169; x_wconf 83' lang='lat' dir='ltr'>impressione</span> <span class='ocrx_word' id='word_1_256' title='bbox 390 2124 544 2157; x_wconf 79' lang='lat' dir='ltr'>roboravi.</span> <span class='ocrx_word' id='word_1_257' title='bbox 591 2123 668 2155; x_wconf 85' lang='lat' dir='ltr'>Hiis</span> <span class='ocrx_word' id='word_1_258' title='bbox 683 2121 816 2154; x_wconf 80' lang='lat' dir='ltr'>testibus</span> <span class='ocrx_word' id='word_1_259' title='bbox 833 2146 839 2152; x_wconf 93' lang='lat'><em>.</em></span> <span class='ocrx_word' id='word_1_260' title='bbox 857 2121 987 2152; x_wconf 88' lang='lat' dir='ltr'>domino</span> <span class='ocrx_word' id='word_1_261' title='bbox 1010 2119 1170 2151; x_wconf 68' lang='lat' dir='ltr'>Rommo</span> <span class='ocrx_word' id='word_1_262' title='bbox 1187 2119 1226 2150; x_wconf 90' lang='lat' dir='ltr'>de</span> <span class='ocrx_word' id='word_1_263' title='bbox 1248 2118 1377 2150; x_wconf 63' lang='lat' dir='ltr'>somma</span> <span class='ocrx_word' id='word_1_264' title='bbox 1402 2144 1408 2149; x_wconf 92' lang='lat'><strong><em>.</em></strong></span> <span class='ocrx_word' id='word_1_265' title='bbox 1431 2117 1624 2150; x_wconf 68' lang='lat' dir='ltr'>Wxnmznmo</span> 
     </span>
     <span class='ocr_line' id='line_1_28' title="bbox 166 2185 1627 2228; baseline -0.008 -1"><span class='ocrx_word' id='word_1_266' title='bbox 166 2196 333 2228; x_wconf 60' lang='lat' dir='ltr'>Fummm</span> <span class='ocrx_word' id='word_1_267' title='bbox 351 2219 357 2225; x_wconf 88' lang='lat'><strong>.</strong></span> <span class='ocrx_word' id='word_1_268' title='bbox 378 2193 474 2225; x_wconf 55' lang='lat' dir='ltr'>Emi</span> <span class='ocrx_word' id='word_1_269' title='bbox 498 2192 624 2224; x_wconf 62' lang='lat' dir='ltr'>BASSET</span> <span class='ocrx_word' id='word_1_270' title='bbox 641 2217 646 2222; x_wconf 89' lang='lat'>.</span> <span class='ocrx_word' id='word_1_271' title='bbox 670 2190 829 2223; x_wconf 69' lang='lat' dir='ltr'>Hmmco</span> <span class='ocrx_word' id='word_1_272' title='bbox 851 2189 890 2221; x_wconf 88' lang='lat' dir='ltr'>de</span> <span class='ocrx_word' id='word_1_273' title='bbox 911 2188 1129 2221; x_wconf 77' lang='lat' dir='ltr'>GLOUCESTER</span> <span class='ocrx_word' id='word_1_274' title='bbox 1153 2212 1159 2218; x_wconf 94' lang='lat'>.</span> <span class='ocrx_word' id='word_1_275' title='bbox 1183 2186 1342 2218; x_wconf 58' lang='lat' dir='ltr'>Romano</span> <span class='ocrx_word' id='word_1_276' title='bbox 1360 2187 1399 2218; x_wconf 88' lang='lat' dir='ltr'>de</span> <span class='ocrx_word' id='word_1_277' title='bbox 1420 2185 1600 2218; x_wconf 66' lang='lat' dir='ltr'>LAnnssrm</span> <span class='ocrx_word' id='word_1_278' title='bbox 1618 2210 1627 2218; x_wconf 92' lang='lat'><strong>.</strong></span> 
     </span>
    </p>
   </div>
   <div class='ocr_carea' id='block_1_8' title="bbox 169 2254 1405 2302">
    <p class='ocr_par' dir='ltr' id='par_1_8' title="bbox 169 2254 1405 2302">
     <span class='ocr_line' id='line_1_29' title="bbox 169 2254 1405 2302; baseline -0.008 -7"><span class='ocrx_word' id='word_1_279' title='bbox 169 2263 361 2295; x_wconf 73' lang='lat' dir='ltr'>WILLELMO</span> <span class='ocrx_word' id='word_1_280' title='bbox 377 2262 416 2293; x_wconf 85' lang='lat' dir='ltr'>de</span> <span class='ocrx_word' id='word_1_281' title='bbox 431 2261 544 2292; x_wconf 53' lang='lat' dir='ltr'>Bima</span> <span class='ocrx_word' id='word_1_282' title='bbox 560 2259 681 2302; x_wconf 83' lang='lat' dir='ltr'>juniori</span> <span class='ocrx_word' id='word_1_283' title='bbox 698 2284 704 2289; x_wconf 86' lang='lat'><strong>.</strong></span> <span class='ocrx_word' id='word_1_284' title='bbox 722 2257 915 2290; x_wconf 64' lang='lat' dir='ltr'>anzmm</span> <span class='ocrx_word' id='word_1_285' title='bbox 932 2256 996 2287; x_wconf 80' lang='lat' dir='ltr'>filio</span> <span class='ocrx_word' id='word_1_286' title='bbox 1011 2255 1135 2287; x_wconf 74' lang='lat' dir='ltr'>Hmuu</span> <span class='ocrx_word' id='word_1_287' title='bbox 1154 2258 1185 2287; x_wconf 84' lang='lat' dir='ltr'>et</span> <span class='ocrx_word' id='word_1_288' title='bbox 1200 2254 1310 2286; x_wconf 80' lang='lat' dir='ltr'>multis</span> <span class='ocrx_word' id='word_1_289' title='bbox 1325 2254 1405 2285; x_wconf 85' lang='lat' dir='ltr'>aliis.</span> 
     </span>
    </p>
   </div>
   <div class='ocr_carea' id='block_1_9' title="bbox 665 2323 1134 2355">
    <p class='ocr_par' dir='ltr' id='par_1_9' title="bbox 665 2323 1134 2355">
     <span class='ocr_line' id='line_1_30' title="bbox 665 2323 1134 2355; baseline -0.011 -6"><span class='ocrx_word' id='word_1_290' title='bbox 665 2328 701 2355; x_wconf 94' lang='lat'>(1)</span> <span class='ocrx_word' id='word_1_291' title='bbox 720 2326 860 2354; x_wconf 75' lang='lat' dir='ltr'>Papelmore</span> <span class='ocrx_word' id='word_1_292' title='bbox 879 2325 898 2347; x_wconf 76' lang='lat' dir='ltr'>is</span> <span class='ocrx_word' id='word_1_293' title='bbox 914 2325 939 2346; x_wconf 86' lang='lat' dir='ltr'>in</span> <span class='ocrx_word' id='word_1_294' title='bbox 956 2324 1030 2347; x_wconf 79' lang='lat' dir='ltr'>Dinas</span> <span class='ocrx_word' id='word_1_295' title='bbox 1048 2323 1134 2345; x_wconf 63' lang='lat' dir='ltr'>Powisx</span> 
     </span>
    </p>
   </div>
  </div>
 </body>
</html>
