1820 2548
239 202 321 234 1010

811 452 1038 486 DOCCLVII.

190 534 350 567 ROYAL
373 534 582 567 LETTERS
607 533 794 566 PATENT
818 533 1124 567 CONOERNING
1146 534 1244 567 THE
1268 534 1563 568 DISPOSITION
1587 535 1646 568 OF

296 602 394 634 THE
418 601 799 635 TEMPORALITIES
824 602 883 634 OF
903 602 1001 634 THE
1025 602 1110 635 SEE
1134 603 1193 635 OF
1214 602 1481 642 LLANDAFF,
1506 604 1643 637 ‘SEDE

299 670 543 710 VACANTE‚'
567 670 633 702 BY
655 670 753 702 THE
780 670 1014 703 CHAPTER.

560 751 657 794 [PAT.
680 753 700 783 4
721 751 817 783 Enw.
839 751 900 791 IL,
918 751 1008 783 PARS
1031 754 1057 791 1,
1079 752 1176 784 ΜΕΜ.
1199 752 1266 795 12.]

477 819 533 863 [B.
560 819 702 859 Wrnms,
730 820 869 853 Suavm
896 831 936 851 OF
960 819 1157 859 LLANDAFF,
1179 832 1209 862 p.
1239 820 1328 863 153.]

1035 888 1208 920 4MARCH.
1255 890 1275 920 4
1292 889 1387 921 Enw.
1413 889 1461 921 ΙΙ.
1510 890 1602 922 1311.

185 982 228 1002 DE
257 981 514 1002 TEMPORALIBUS
546 981 762 1002 EPISCOI‘ATUS
794 981 1023 1002 LANDAVENffls
1052 981 1210 1002 TEMPORE
1244 982 1441 1003 VACATIONIS
1464 982 1644 1004 HABENDIS.

230 1039 302 1071 Rex
318 1039 464 1071 omnibus
480 1040 521 1070 ad
538 1050 625 1080 quos,
643 1041 712 1078 eto„
730 1039 875 1070 salutem.

229 1107 342 1139 Sciatis
372 1108 457 1149 quod
495 1119 567 1139 cum
598 1107 727 1139 celebris
764 1107 925 1139 memoriae
955 1107 1115 1139 Dominus
1143 1107 1350 1146 EDWARDUS,
1382 1109 1544 1149 quondam
1574 1107 1646 1140 Rex

183 1176 341 1215 Ammffi,
364 1179 454 1218 pater
479 1187 577 1213 meus,
609 1176 731 1207 dudum
761 1176 917 1218 exegisset
948 1178 980 1208 et
1009 1176 1204 1208 vendicasset
1235 1187 1343 1208 versus
1374 1176 1579 1208 G1LBERTUM
1605 1177 1645 1209 de

184 1243 309 1283 CLARE,
325 1246 402 1276 tunc
419 1244 565 1275 comitem
581 1243 824 1276 GLoucESTmAE
839 1246 871 1276 et
886 1243 1132 1283 HERTFORmAE,
1157 1244 1398 1276 advocationem
1421 1247 1452 1276 et
1469 1245 1644 1276 custodiam

182 1313 380 1354 episcopatus
411 1312 662 1351 LANDAVENSIS,
695 1323 817 1344 necnon
849 1314 880 1344 et
911 1312 1054 1344 omnium
1085 1314 1241 1344 terrarum
1271 1314 1303 1344 et
1326 1314 1581 1345 tenementorum
1603 1314 1645 1345 ad

182 1381 400 1422 episcopatum
415 1380 508 1411 illum
525 1380 736 1421 spectantium
751 1380 785 1412 in
802 1380 943 1412 dominio
966 1392 1022 1412 seu
1045 1380 1138 1412 feodo
1160 1380 1260 1422 ipsius
1283 1381 1406 1412 comitis
1428 1381 1644 1420 existentium,

182 1461 248 1481 una
270 1460 343 1480 cum
366 1448 587 1480 collationibus
610 1448 844 1490 prebendarum
868 1451 900 1480 et
923 1449 1120 1491 dignitatum
1142 1449 1286 1491 ejusdem
1308 1451 1450 1491 tempore
1473 1449 1646 1482 vacationis

183 1517 380 1559 episcopatus
403 1517 498 1554 illius,
523 1516 568 1548 Et
590 1517 676 1548 idem
699 1528 802 1549 comes
817 1517 851 1548 id
867 1518 951 1559 quod
968 1518 1008 1549 ad
1031 1517 1135 1559 ipsum
1157 1517 1314 1559 pertinuit
1336 1518 1375 1549 de
1391 1517 1597 1550 advocatione
1612 1519 1644 1550 et

184 1586 326 1618 custodia
341 1585 539 1627 episcopatus
562 1585 695 1626 predicti
711 1596 777 1617 una
800 1596 872 1617 cum
894 1585 1115 1617 collationibus
1137 1585 1369 1627 prebendarum
1393 1588 1426 1617 et
1447 1586 1645 1628 dignitatum

184 1655 328 1696 ejusdem
343 1656 484 1695 tempore
500 1654 661 1695 praedieto,
679 1654 782 1685 eidem
804 1653 888 1695 patri
911 1656 1018 1685 nostro
1040 1653 1215 1685 reddiderit
1238 1656 1274 1685 ut
1298 1653 1351 1695 jus
1374 1665 1477 1691 suum,
1502 1664 1537 1685 ac
1558 1653 1645 1686 idem

183 1726 274 1765 pater
288 1726 395 1755 noster
410 1723 547 1754 secundo
563 1722 614 1754 die
630 1721 822 1754 Novembris
845 1733 930 1753 anno
952 1722 1044 1763 regni
1063 1722 1112 1753 sui
1127 1721 1249 1753 decimo
1273 1733 1357 1753 nono
1380 1722 1489 1753 volens
1510 1721 1644 1764 praefato

185 1792 293 1824 comiti
308 1794 339 1822 et
354 1791 376 1823 J
379 1802 538 1829 OHANNAE‚
555 1790 647 1822 uxori
663 1801 738 1828 suae,
754 1790 828 1821 filiae
845 1801 919 1828 suae,
937 1790 1075 1832 gratiam
1090 1790 1123 1821 in
1145 1790 1203 1821 hac
1219 1792 1308 1831 parte
1332 1790 1499 1832 specialem
1522 1801 1643 1822 conces-

185 1861 260 1892 serit
275 1860 329 1896 eis,
347 1871 403 1901 pro
419 1871 450 1891 se
467 1861 498 1890 et
512 1858 682 1890 heredibus
698 1858 771 1897 suis,
788 1858 964 1890 custodiam
980 1858 1176 1900 episcopatus
1192 1858 1345 1900 praedicti,
1362 1868 1486 1889 necnon
1501 1857 1645 1890 omnium

184 1931 340 1961 terrarum
357 1930 388 1959 et
404 1928 659 1959 tenementorum
682 1927 723 1958 ad
746 1926 961 1968 episcopatiun
976 1926 1069 1957 illum
1092 1926 1316 1967 spectantium,
1333 1928 1364 1957 et
1380 1925 1414 1956 in
1431 1925 1571 1957 dominio
1589 1937 1644 1958 seu

185 1997 277 2029 feodo
307 1996 406 2038 ipsius
436 1995 559 2027 comitis
588 1995 804 2033 existentium,
835 1993 1034 2026 Habendum
1064 1997 1096 2026 et
1125 1994 1303 2026 tenendum
1333 1993 1452 2025 eisdem
1482 1993 1590 2025 comiti
1612 1995 1644 2025 et

183 2065 206 2098 J
207 2075 358 2097 OHANNAE
373 2064 414 2095 ad
430 2066 531 2095 totam
546 2063 646 2095 vitam
662 2063 834 2095 eorundem
856 2063 935 2094 adeo
952 2062 1049 2094 libere
1071 2062 1196 2104 integre
1212 2064 1245 2093 et
1260 2061 1431 2093 honorifice
1447 2061 1481 2093 in
1497 2061 1645 2093 omnibus

184 2132 323 2165 exitibus
338 2136 369 2164 et
385 2132 532 2174 proficuis
546 2134 578 2163 et
593 2131 663 2162 aliis
678 2131 868 2172 praedictum
882 2131 1098 2173 episcopatum
1113 2131 1147 2162 in
1163 2130 1305 2162 dominio
1321 2141 1376 2161 seu
1391 2129 1485 2161 feodo
1499 2129 1645 2171 praedicti

186 2201 310 2234 comitis
324 2204 466 2242 tempore
481 2199 654 2231 vacationis
669 2199 814 2241 ejusdem
829 2198 1037 2241 tangentibus
1053 2209 1118 2230 une
1127 2209 1198 2229 cum
1215 2196 1438 2229 collationibus
1448 2196 1645 2239 dignitatum

180 2272 212 2301 et
227 2269 459 2311 prebendarum
475 2268 618 2309 ejusdem
633 2270 775 2309 tempore
790 2267 846 2298 illo
862 2267 942 2298 sicut
958 2267 1043 2298 idem
1059 2276 1161 2297 comes
1177 2265 1227 2297 vel
1249 2267 1460 2296 antecessores
1476 2264 1524 2295 sui
1540 2266 1642 2295 custo-
