1820 2548
232 205 315 236 1110

184 360 314 392 (101111110
339 359 498 391 RosERTo
521 360 561 391 (19
584 358 720 390 Ρ111111119
744 358 841 390 11111111
863 357 1033 390 heredibus
1060 358 1125 390 suis
1148 363 1180 391 et
1203 358 1374 401 assignatis
1395 358 1429 390 111
1452 360 1643 400 perpetuum

184 430 289 459 totum
312 427 366 470 jus
388 430 419 459 et
446 427 597 459 clamium
619 429 763 458 nostrum
787 426 872 468 quod
894 426 1048 458 habemus
1071 426 1122 458 vel
1146 426 1317 458 habuimus
1339 437 1394 458 seu
1416 426 1524 468 aliquo
1547 426 1643 458 modo

186 496 300 527 habere
325 496 500 537 poterimus
526 495 560 526 in
584 497 652 526 tota
676 498 759 526 terra
787 494 844 526 illa.
869 506 966 536 quam
990 494 1130 527 Mnumc
1157 494 1258 527 Com’
1284 506 1324 537 ap
1351 494 1373 526 J
1376 505 1510 526 ERUART
1535 494 1643 536 aliquo

186 569 327 606 tempore
349 564 464 596 melius
479 568 509 595 et
532 563 659 606 plenius
681 563 795 595 habuit
810 566 843 594 et
864 563 969 595 tenuit
984 563 1019 594 in
1042 563 1181 595 Raunoz
1196 563 1229 595 in
1246 563 1339 595 feodo
1354 563 1394 594 de
1409 562 1596 594 LANDIMOR
1611 564 1644 595 91

185 632 284 664 eciam
315 632 348 663 in
380 631 527 664 omnibus
555 631 665 670 boscis,
689 631 797 673 pratis,
824 631 957 673 pascuis,
985 631 1131 673 pasturis,
1155 631 1270 673 planis,
1298 631 1404 670 vastis,
1431 630 1642 670 libertatibus,

184 700 292 732 liberis
312 699 594 732 consuetudinibus
609 702 640 731 et
661 698 902 741 quibuscunque
918 699 988 730 aliis
1002 699 1204 741 pertinentiis
1218 700 1284 731 suis
1299 700 1401 731 eidem
1416 702 1500 731 terre
1515 709 1642 741 quoquo

183 769 277 800 modo
300 768 515 810 spectantibus
532 793 538 800 .
556 770 588 800 01
608 768 708 800 eciam
728 767 761 799 in
785 768 893 799 decem
915 767 994 799 acris
1016 770 1098 799 terre
1121 779 1193 799 cum
1215 768 1416 810 pertinentiis
1432 779 1493 809 que
1510 767 1643 800 insimul

180 838 288 880 jacent
304 838 338 869 in
353 839 464 869 eodem
480 837 578 868 feudo
593 837 677 868 inter
699 836 921 868 Pmmnmm
944 839 976 868 et
992 836 1170 868 PANTGLAS
1185 836 1232 868 ita
1246 836 1394 868 videlicet
1409 836 1494 878 quod
1510 847 1568 868 nec
1582 846 1641 868 nos

181 907 259 938 dicti
274 906 415 945 Wlmu,
440 906 589 944 Msumc,
612 905 740 943 ι11101111,
764 904 786 936 J
789 915 891 943 EUAN,
908 904 1049 936 'Paomis
1072 907 1104 937 et
1126 904 1289 943 Monam,
1306 916 1364 937 nec
1385 904 1517 937 heredes
1539 904 1640 936 nostri

180 987 238 1006 nec
261 975 415 1017 assignati
437 986 494 1006 nec
511 974 626 1015 aliquis
648 984 704 1015 per
726 984 784 1004 nos
799 973 849 1004 vel
871 984 928 1015 pro
950 972 1041 1004 nobis
1064 984 1119 1005 seu
1141 973 1271 1004 nomine
1294 975 1400 1005 nostro
1416 973 1539 1015 aliquid
1558 972 1640 1015 juris

178 1045 227 1075 vel
257 1044 363 1075 clamii
394 1044 426 1074 111
458 1043 589 1084 prefatis
627 1042 727 1080 terris,
758 1042 868 1081 boscis,
900 1042 1008 1083 pratis,
1040 1042 1173 1083 pascuis,
1204 1043 1351 1084 pasturis,
1384 1043 1496 1084 planis,
1526 1042 1634 1081 vastis,

179 1112 390 1146 libertatibus.
406 1111 514 1143 liberis
537 1110 820 1143 consuetudinibus
839 1121 913 1142 cum
931 1109 1078 1141 omnibus
1100 1109 1171 1141 aliis
1190 1110 1392 1151 pertinentiis
1412 1110 1477 1141 suis
1496 1110 1640 1142 decetero

177 1181 313 1222 exigere.
338 1181 482 1218 clamare,
511 1179 562 1211 vel
586 1179 754 1211 vendicare
778 1179 952 1220 poterimus
982 1180 1029 1210 set
1058 1189 1115 1220 per
1143 1189 1271 1220 presens
1300 1178 1454 1220 scriptum
1484 1177 1524 1210 ab
1550 1178 1639 1210 omni

176 1250 302 1281 accione
332 1249 430 1280 simus
459 1248 578 1280 exclusi
608 1249 642 1279 in
680 1250 880 1289 perpetuum.
946 1247 991 1278 Et
1025 1247 1051 1278 si
1081 1246 1247 1289 contingat
1277 1258 1334 1279 nos
1364 1247 1464 1279 dictos
1494 1246 1636 1285 Wum,

177 1317 327 1355 Mxmuc,
350 1317 372 1349 J
375 1328 476 1355 EUAN,
500 1317 522 1349 J
525 1327 627 1355 EUAN,
651 1316 804 1354 Tnosms,
829 1319 861 1347 et
890 1315 1041 1347 MORGAN
1065 1315 1114 1347 vel
1145 1315 1284 1357 aliquem
1313 1317 1459 1347 nostrum
1483 1315 1638 1347 heredum

177 1389 356 1418 nostrorum
380 1386 430 1416 vel
456 1386 702 1427 assignatorum,
727 1396 784 1426 per
806 1396 872 1422 1109,
898 1395 955 1426 pro
982 1383 1073 1416 nobis
1098 1395 1153 1416 seu
1175 1384 1304 1416 nomine
1326 1386 1435 1416 nostro
1461 1384 1546 1426 quod
1568 1395 1638 1426 pre-

176 1458 296 1486 sentem
323 1454 549 1492 remissionem,
575 1453 807 1485 relaxacionem
834 1456 863 1484 et
889 1452 1257 1494 quietamclamacionem
1281 1464 1470 1494 quacunque
1494 1455 1562 1485 arte
1586 1452 1638 1485 vel

174 1522 306 1564 ingenio
322 1533 510 1563 quocunque
526 1524 667 1563 tempore
683 1521 718 1552 in
740 1521 848 1552 futuro
864 1521 982 1552 violare
1003 1532 1058 1552 seu
1078 1520 1272 1552 adnichilare
1288 1521 1572 1563 presumpserimus
1586 1521 1638 1553 vel

174 1590 434 1633 presumpserint,
458 1589 636 1631 predictum
659 1589 825 1621 dominum
852 1589 1054 1628 Romamn-M,
1074 1588 1206 1621 heredes
1230 1600 1302 1621 suos
1325 1589 1375 1621 vel
1397 1589 1574 1631 assignatos
1595 1589 1636 1621 de

172 1659 303 1701 prefatis
334 1658 425 1689 terris
455 1658 504 1689 vel
535 1658 643 1699 aliqua
672 1660 762 1699 parte
794 1658 880 1689 illius
915 1668 986 1689 cum
1020 1657 1222 1699 pertinentiis
1251 1657 1285 1689 in
1323 1669 1512 1699 quacunque
1545 1657 1632 1689 curia

174 1727 391 1768 inplacitando
413 1737 467 1758 9911
483 1726 572 1758 litem
596 1727 751 1758 movendo
768 1752 774 1757 .
793 1728 910 1757 extunc
931 1725 1112 1768 obligamus
1128 1737 1185 1757 nos
1200 1729 1231 1757 et
1252 1725 1382 1758 heredes
1402 1727 1525 1758 nostros
1539 1728 1635 1767 atque

174 1798 355 1827 executores
385 1806 440 1836 per
470 1797 630 1836 presentes
667 1796 698 1826 et
737 1805 997 1835 unumquemque
1034 1796 1178 1825 nostrum
1208 1794 1242 1825 in
1273 1794 1410 1826 solidum
1441 1794 1496 1836 qui
1526 1796 1636 1826 contra

176 1863 327 1905 premissa
342 1863 464 1905 aliquid
480 1863 592 1894 fecerit
607 1866 639 1894 91
655 1862 754 1894 eciam
769 1873 879 1894 omnes
894 1865 994 1894 terras
1008 1865 1041 1894 91
1063 1864 1247 1894 tenementa
1262 1863 1370 1894 nostra
1393 1873 1429 1894 ac
1444 1861 1551 1894 omnia
1572 1861 1636 1894 alia.

175 1931 258 1963 bona
284 1936 315 1962 et
342 1931 456 1962 catalla
483 1933 590 1962 nostra
617 1930 747 1962 mobilia
771 1933 802 1962 et
827 1929 1004 1962 immobilia
1030 1930 1211 1972 ubicunque
1237 1930 1359 1961 fuerint
1385 1930 1516 1961 inventa
1539 1931 1571 1961 et
1593 1930 1635 1961 ad

174 2010 435 2041 quorumcunque
473 2010 587 2030 manus
623 1999 831 2040 imposterum
867 1998 1063 2036 devenerint,
1103 1998 1262 2030 antedicto
1301 1997 1429 2029 domino
1463 1997 1634 2037 Romam,

171 2067 245 2099 here
254 2066 340 2098 libus
356 2066 420 2097 suis
443 2077 498 2097 seu
513 2066 576 2098 illis
599 2066 654 2108 qui
678 2066 819 2108 predicta
841 2068 1023 2098 tenemeuta
1045 2077 1085 2097 ex
1108 2065 1325 2108 assignacione
1349 2065 1493 2107 ejusdem
1508 2064 1630 2097 domini

177 2135 329 2167 Rossnri
346 2134 518 2173 tenuerint,
536 2135 568 2166 in
586 2134 703 2177 viginti
717 2134 807 2166 libris
823 2134 948 2177 argenti
970 2134 1053 2166 bone
1068 2136 1100 2166 91
1122 2134 1242 2165 usualis
1263 2135 1399 2172 monete,
1418 2133 1548 2165 nomine
1562 2132 1635 2175 puri

177 2203 286 2241 debiti,
303 2202 534 2244 distringendis
556 2204 588 2233 et
602 2202 747 2234 levandis
769 2202 808 2233 de
830 2201 922 2234 bonis
936 2201 1053 2234 nostris
1069 2201 1237 2233 antedictis
1252 2203 1283 2233 et
1306 2201 1403 2233 etiam
1419 2200 1577 2232 solvendis
1598 2200 1634 2232 in

177 2271 304 2303 ecclesia
330 2270 422 2302 beate
446 2270 566 2302 Mnus
589 2271 628 2302 (19
655 2270 885 2302 811Ἓγ19119111ᾌ
909 2270 994 2301 infra
1018 2281 1159 2301 mensem
1186 2269 1330 2311 proximo
1357 2273 1541 2311 sequentem
1564 2271 1636 2311 post
