1820 2548
219 178 283 208 966

178 332 347 364 Pmmm’o
363 338 394 364 et
413 333 581 365 heredibus
602 333 666 364 suis
688 334 796 364 eontra
819 342 928 363 omnes
950 334 1062 374 gentes
1085 330 1359 363 warantizabimus
1383 329 1632 373 acquietabimus

178 403 210 433 et
225 401 434 433 defendemus
454 401 697 443 imperpetuum.
745 400 790 432 Et
813 403 849 431 ut
871 400 927 431 hec
949 402 1056 431 nostra
1080 400 1212 432 donacio
1238 399 1393 431 concessio
1419 401 1451 431 et
1477 399 1631 441 presentis

180 473 264 501 carte
301 472 406 501 nostre
441 469 640 501 confirmacio
678 468 774 499 robur
811 470 961 510 perpetue
998 467 1180 499 stabilitatis
1217 467 1359 509 optineat
1395 467 1477 499 hanc
1514 469 1633 499 cartam

178 537 277 579 sigilli
307 537 406 568 nostri
436 537 641 578 impressione
671 535 896 567 roboravimus.
953 535 1030 567 Hiis
1053 535 1186 567 testibus
1212 560 1219 567 .
1242 534 1380 567 dominis
1406 534 1556 566 HUGONE
1593 535 1634 566 de

182 604 343 636 PAus'roF
368 630 374 636 .
400 604 553 636 Rmnmo
583 605 622 636 de
652 603 901 635 HoDELESTONE
931 602 1086 635 militibus
1112 629 1118 634 .
1147 603 1275 635 domino
1305 602 1431 635 Tuom
1461 603 1564 646 priore
1594 603 1634 635 de

180 672 398 704 [marma
422 698 428 704 .
453 672 618 705 JOHANNE
645 673 684 704 de
710 671 896 703 Las-omos
920 697 926 703 .
945 671 1137 704 WILLELMO
1159 683 1200 713 ap
1215 671 1339 703 YTHEL
1356 696 1362 703 .
1380 671 1480 703 ΕΝΕΛ
1496 670 1608 703 Tnons
1625 695 1632 702 .

181 740 334 772 RicARno
357 742 396 773 de
412 740 582 772 WEsroNE
605 742 638 772 et
659 740 738 772 aliis.
784 739 869 771 Acta
891 743 937 771 est
958 739 1016 771 hec
1041 743 1127 771 carta
1152 740 1239 781 apud
1264 738 1493 772 SWEYNESEYE
1519 739 1633 771 ultimo

181 808 233 840 die
260 809 341 840 Maii
368 820 452 840 anno
482 809 574 851 regni
605 808 706 850 Regis
736 807 905 839 EDWARm
936 807 994 839 filii
1024 807 1124 849 Regis
1154 806 1307 838 Hsmucx
1338 807 1484 839 vicesimo
1514 809 1632 839 octavo.

182 876 342 909 Faciendo
379 877 476 908 etiam
502 876 594 908 nobis
621 880 738 908 sectam
770 876 810 907 ad
844 875 1028 908 comitatum
1051 878 1195 907 nostrum
1219 876 1258 907 de
1285 874 1513 907 SWEYNESEYE
1540 877 1635 918 prout

179 945 235 976 alii
250 948 417 977 sectatores
432 944 564 976 faciunt.

224 1012 297 1045 Seal
313 1014 467 1054 wanting.

767 1179 1054 1212 DOCGXXXIX.

182 1262 440 1295 MORTGAGE
471 1262 535 1294 BY
566 1261 789 1300 EGELINA,
821 1260 996 1294 WTDOW
1028 1260 1086 1292 OF
1123 1259 1285 1292 SEMAN
1321 1259 1385 1291 DE
1422 1259 1636 1299 MARISCO,

291 1331 348 1363 TO
376 1331 479 1363 HER
505 1331 593 1363 SON
620 1329 758 1362 ADAM
786 1329 844 1361 OF
867 1328 969 1361 HER
991 1327 1147 1360 LANDS
1173 1327 1243 1370 [IN
1267 1327 1592 1360 LLANCARVAN
1603 1326 1635 1370 Ρ]

292 1399 426 1432 WITH
458 1398 711 1431 PROVISION
742 1397 834 1429 FOR
864 1395 1235 1429 IMPROVEMENTS
1266 1395 1410 1428 MADE.

637 1478 768 1522 [HARL.
794 1477 968 1517 (human,
991 1477 1032 1508 75
1059 1476 1094 1509 G.
1119 1476 1188 1519 32]
1374 1476 1478 1508 Ome».
1503 1477 1595 1508 1300.

228 1561 398 1593 Universis
425 1560 565 1592 Cnms‘n
593 1559 740 1592 fidelibus
767 1559 807 1590 ad
833 1569 911 1600 quos
937 1568 1063 1600 presens
1086 1557 1238 1599 scriptum
1262 1557 1440 1599 pervenerit
1458 1582 1464 1588 .
1482 1556 1641 1589 EGaLmA

184 1631 294 1664 relicta
309 1630 428 1662 SEMAN
445 1630 484 1661 de
500 1628 653 1660 MAR1sco
668 1628 812 1659 salutem.

229 1699 365 1731 Noverit
395 1697 585 1730 universitas
614 1699 717 1728 vestra
748 1707 798 1728 me
828 1695 995 1727 tradidisse
1025 1694 1101 1726 Am:
1132 1693 1197 1726 filio
1227 1704 1297 1726 mco
1330 1699 1399 1726 octo
1436 1705 1523 1725 aoras
1558 1695 1641 1726 terre

188 1768 339 1801 arabilis.
357 1778 492 1809 quarum
515 1766 656 1807 quinque
678 1764 785 1807 jacent
808 1775 901 1805 super
923 1765 1028 1794 ortum
1045 1786 1052 1793 .
1069 1765 1100 1794 et
1122 1773 1187 1793 una
1209 1765 1338 1794 vocatur
1361 1762 1563 1794 SCULFAKER
1581 1788 1588 1794 .
1608 1765 1640 1795 et

186 1837 320 1869 dimidia
338 1847 410 1867 acra
425 1835 509 1876 jacet
531 1845 570 1865 ex
593 1835 683 1875 parte
705 1831 837 1864 australi
860 1832 973 1863 domus
996 1841 1065 1862 mee
1089 1855 1095 1862 .
1120 1833 1152 1861 et
1178 1841 1242 1861 una
1267 1841 1339 1862 acra
1365 1833 1396 1862 et
1422 1830 1555 1862 dimidia
1581 1841 1642 1872 que

186 1906 294 1948 jacent
309 1905 343 1936 in
359 1903 491 1935 marisco
507 1927 514 1934 .
532 1905 564 1934 et
583 1901 749 1933 dimidiam
772 1903 932 1942 pasturam
957 1909 1018 1940 que
1040 1898 1124 1940 jacet
1146 1909 1165 1930 a
1187 1897 1317 1929 MAGNA
1340 1897 1457 1930 PULLA
1480 1909 1579 1941 usque
1601 1899 1642 1931 ad

186 1973 243 2006 Ho
260 1999 266 2005 .
284 1975 316 2004 et
334 1971 501 2003 dimidiam
522 1972 685 2012 pasturam
708 1979 769 2010 que
792 1972 921 2000 vocatur
944 1966 1026 1999 Gru*
1044 1992 1050 1998 .
1067 1969 1100 1998 et
1121 1968 1250 2008 pratum
1272 1966 1357 2008 quod
1380 1966 1465 2009 jacet
1489 1967 1530 1998 ad
1553 1968 1644 1999 vetus

185 2040 415 2074 molendinum.
462 2038 534 2070 Hec
557 2037 664 2069 omnia
689 2036 808 2068 tradidi
834 2035 918 2067 dicto
944 2035 1022 2067 ΑΒΕ
1048 2034 1083 2066 in
1108 2033 1326 2066 vadimonium
1351 2045 1408 2076 pro
1435 2037 1504 2067 octo
1530 2035 1643 2067 mareis

184 2120 263 2152 quas
282 2108 362 2140 mihi
385 2105 633 2139 accommodavit
655 2105 696 2136 ad
719 2103 982 2146 urgentissimum
1004 2102 1170 2145 negotium
1192 2113 1308 2133 meum.
1353 2101 1408 2134 Ita
1431 2103 1517 2144 quod
1540 2103 1643 2135 dietus

184 2179 289 2210 Anni
306 2178 414 2208 teneat
429 2178 461 2207 et
475 2174 591 2206 habeat
609 2176 710 2204 totam
731 2173 849 2204 dietam
870 2174 989 2203 terram
1012 2182 1083 2203 cum
1106 2170 1307 2213 pertinentiis
1328 2170 1393 2202 suis
1409 2196 1416 2202 .
1434 2170 1515 2203 bene
1532 2196 1539 2203 .
1556 2172 1588 2203 et
1609 2171 1644 2203 in

182 2257 259 2289 pace
276 2271 282 2277 .
299 2244 397 2276 libere
415 2269 420 2275 .
438 2245 471 2276 et
486 2242 592 2284 quiete
609 2266 615 2272 .
633 2241 700 2272 sine
715 2240 803 2272 omni
818 2239 1042 2271 reclamatione
1064 2238 1127 2271 mei
1150 2241 1182 2271 et
1205 2238 1359 2270 heredum
1381 2249 1524 2270 meorum
1547 2240 1647 2272 donec
