1820 2548
246 141 307 171 794

798 360 1059 393 DCOXXVIII.

223 444 384 477 GRANT
422 443 486 476 BY
517 443 643 476 JOHN
675 442 774 474 AND
806 441 1027 474 MATILDA
1058 441 1119 474 LE
1150 441 1269 474 PORC
1299 441 1360 473 OR
1390 441 1547 473 POROH
1577 440 1637 474 OF

379 510 630 544 BURGAGES
661 510 714 542 IN
746 509 955 542 CARDIFF
987 509 1044 541 ΤΟ
1076 509 1283 542 MARGAM
1313 509 1485 541 ABBEY.

735 590 908 633 [ὡκ-ΑΜ
933 590 1124 633 Carnu-ER]

243 673 412 705 Universis
435 672 575 704 CHRISTI
599 671 746 704 fidelibus
770 683 898 713 presens
921 671 1073 713 seriptum
1090 671 1203 703 visuris
1226 670 1277 702 vel
1299 670 1457 702 audituris
1479 670 1501 703 J
1503 681 1660 702 emimus

199 743 229 774 le
246 742 334 774 Pone
349 742 484 773 salutem
501 741 535 772 in
551 741 689 772 domino.

243 811 377 843 Noverit
394 810 583 841 universitas
599 812 701 840 vestra
718 819 768 840 me
784 820 840 850 pro
857 808 960 839 salute
975 808 1080 839 anime
1097 818 1165 839 mee
1182 811 1212 838 et
1235 806 1404 838 MArles
1421 807 1529 839 uxoris
1543 819 1612 839 mee
1627 811 1659 839 et

199 880 342 912 omnium
357 879 530 910 amicorum
553 887 696 909 meorum
714 876 836 908 dedisse
855 901 862 907 .
879 878 911 907 et
926 875 1110 908 concessisse
1127 900 1134 906 .
1151 879 1183 906 et
1197 874 1256 906 hac·
1272 875 1409 916 presenti
1425 877 1512 906 carta
1533 886 1604 907 mea
1625 875 1661 907 in

196 952 385 990 perpetuum
410 947 609 979 confirmasse
629 945 738 977 domui
753 944 845 976 beate
861 944 980 976 Mnus
996 944 1036 975 de
1052 943 1204 975 MARGAN
1222 946 1254 974 et
1270 954 1312 975 m.
1329 943 1349 974 i.
1367 943 1409 975 D.
1427 955 1449 975 s.
1463 943 1658 986 burgagium

198 1027 305 1048 meum
315 1016 349 1046 in
359 1015 435 1046 villa
447 1015 486 1046 de
499 1013 662 1046 Kianmp
675 1036 681 1042 .
695 1025 767 1045 eum
779 1012 911 1044 edificiis
926 1015 958 1044 et
973 1012 1083 1043 ceteris
1097 1012 1298 1053 pertinentiis
1313 1012 1378 1043 suis
1394 1037 1400 1043 .
1419 1012 1499 1043 illud
1516 1012 1661 1044 videlieet

200 1085 284 1127 quod
299 1085 383 1126 jacet
399 1084 432 1115 in
449 1083 607 1115 CABELLE
624 1081 728 1113 Strete
746 1106 752 1112 .
770 1082 854 1112 inter
869 1079 1066 1122 burgagium
1085 1079 1259 1111 N1mELr1
1276 1080 1315 1111 de
1331 1079 1499 1111 Pmmnn
1517 1105 1522 1111 .
1541 1082 1573 1112 et
1588 1079 1660 1112 bur-

200 1153 332 1196 gagium
349 1152 490 1183 Euam:
506 1151 539 1182 la
562 1150 808 1182 Bnmvusmnss.
855 1148 940 1180 Dedi
957 1148 1087 1189 insuper
1102 1147 1221 1179 eisdem
1237 1147 1400 1179 monachis
1415 1150 1519 1179 totum
1535 1150 1662 1189 prat-um

199 1221 280 1254 illud
296 1221 381 1263 quod
396 1219 495 1251 habui
511 1220 550 1250 de
574 1218 752 1250 Nmuorio
777 1217 952 1248 HERVARD
975 1216 1009 1247 in
1034 1215 1221 1247 Pomffiss
1244 1215 1349 1246 Mssm:
1366 1215 1447 1247 sicut
1462 1218 1548 1247 carta
1563 1215 1662 1257 ipsius

200 1293 335 1321 testatur
360 1313 365 1319 .
398 1287 432 1319 in
463 1298 526 1328 quo
556 1286 760 1318 eontinentur
790 1285 851 1316 due
884 1295 954 1316 acre
984 1287 1015 1315 et
1046 1283 1188 1315 dimidia.
1236 1283 1332 1315 Carta
1361 1283 1459 1315 etiam
1487 1283 1587 1325 ipsius
1616 1283 1658 1316 N.

201 1357 386 1389 HERWARD
412 1356 453 1387 ad
477 1354 632 1396 majorem
658 1353 756 1395 hujus
784 1352 965 1384 donationis
992 1362 1059 1383 mee
1088 1351 1360 1383 confirmationem
1387 1351 1479 1382 dictis
1501 1351 1663 1384 monachis

201 1425 320 1458 tradidi
338 1450 343 1456 .
362 1428 397 1456 ut
412 1424 473 1466 ipsi
488 1424 610 1454 dictum
625 1425 753 1464 pratum
770 1421 882 1453 eodem
894 1420 966 1462 jure
982 1431 1044 1462 quo
1059 1419 1141 1451 illud
1156 1419 1280 1461 possedi
1298 1444 1303 1450 .
1321 1422 1353 1450 et
1366 1419 1476 1450 eadem
1490 1418 1636 1451 libertate
1653 1445 1660 1452 .

201 1495 235 1525 in
251 1497 439 1535 perpetuum
455 1491 645 1533 possideant.
692 1489 745 1520 Ita
761 1499 835 1520 sane
848 1489 932 1530 quod
948 1498 1049 1519 unum
1065 1490 1269 1518 nummatum
1285 1497 1352 1518 cere
1369 1487 1410 1518 ad
1425 1497 1550 1518 cereum
1571 1487 1663 1519 beate

203 1562 323 1594 Mmuss
339 1561 378 1592 de
395 1560 556 1591 KAERDIF
574 1582 580 1589 .
597 1559 638 1589 ad
654 1558 772 1589 festum
787 1556 872 1589 beati
888 1556 1079 1588 Mmfflzms
1096 1566 1152 1597 pro
1170 1555 1257 1586 omni
1272 1555 1471 1586 servitiorum
1487 1554 1663 1598 a[e]quiet—

205 1631 311 1662 atione
329 1655 334 1661 .
353 1639 446 1671 quem
462 1639 518 1670 pro
534 1627 676 1669 predicto
692 1626 824 1657 reddere
847 1635 1070 1656 eonsueveram
1085 1626 1176 1665 prato
1193 1648 1199 1654 .
1217 1622 1384 1654 annuatim
1402 1623 1576 1664 persolvere
1598 1634 1663 1656 non

206 1698 365 1730 omittant.
422 1696 466 1727 Et.
489 1699 524 1726 ut
547 1695 604 1726 hee
626 1705 697 1725 mea
719 1693 851 1725 donacio
873 1696 906 1725 et
928 1692 1084 1725 concessio
1106 1692 1197 1723 firma
1219 1694 1251 1723 et
1275 1690 1398 1723 stabilis
1422 1694 1605 1733 permaneat
1628 1691 1663 1723 in

207 1770 367 1809 posterum
399 1791 405 1796 .
437 1775 565 1806 presens
595 1763 746 1804 scriptum
769 1762 868 1804 sigilli
898 1761 960 1793 mei
983 1760 1180 1803 appositione
1198 1758 1352 1791 roboravi.
1399 1759 1476 1791 Hiis
1498 1759 1632 1792 testibus
1654 1785 1661 1792 .

208 1835 368 1867 Bonnam
395 1832 536 1865 GronARn
561 1857 567 1862 .
591 1830 749 1862 JORDANO
775 1829 905 1862 ALEWY
929 1855 934 1860 .
961 1828 1085 1860 THOMA
1112 1827 1233 1860 Gmspo
1258 1853 1263 1858 .
1293 1827 1462 1859 PHILIPPO
1484 1828 1524 1859 de
1546 1827 1664 1860 Dmns

209 1904 319 1936 mes
336 1926 343 1935 .
360 1901 382 1933 J
384 1910 525 1932 onANxss
541 1899 686 1931 GODMAN
704 1924 710 1929 .
728 1898 805 1930 Am
823 1897 947 1929 ann
965 1901 995 1929 et
1011 1896 1122 1928 multis
1137 1896 1217 1927 aliis.

253 1971 326 2003 Seni
341 1981 374 2001 as
389 1969 424 2000 in
439 1969 494 2000 the
509 1967 681 2009 preceding
696 1967 785 1998 deed.

254 2038 473 2071 Endorsed—‘
490 2035 587 2067 Carta
611 2034 633 2067 J
635 2034 770 2066 ohannis
792 2034 821 2066 le
844 2033 924 2066 Porc
950 2033 989 2065 de
1013 2032 1172 2075 burgagio
1195 2043 1250 2064 suo
1273 2035 1305 2064 et
1327 2033 1366 2064 de
1388 2031 1511 2064 duabus
1533 2032 1612 2065 acris
1634 2034 1666 2065 et

210 2107 343 2140 dimidia
358 2105 442 2148 prati
457 2105 491 2136 in
507 2103 662 2135 Kardiff.’
