1820 2548
257 189 320 220 870

216 355 302 377 meos
338 345 486 387 pertinet.
547 345 592 377 Et
630 356 690 388 ego
727 348 759 377 et
796 345 927 377 heredes
962 345 1025 377 mei
1062 346 1181 378 dictam
1218 345 1448 378 concessionem
1485 348 1517 377 et
1553 345 1677 388 quitam

215 413 441 445 clamacionem
467 413 560 445 dictis
587 413 750 445 monachis
773 439 779 445 .
805 413 885 445 sicut
911 424 1024 455 puram
1049 413 1183 446 liberam
1206 416 1238 446 et
1259 416 1446 456 perpetuam
1470 413 1675 446 elemosinam

215 485 326 513 contra
341 492 449 513 omnes
464 481 612 513 mortales
628 481 906 514 warantizabimus
920 481 955 513 in
970 485 1169 524 perpetuum.
1215 482 1292 514 Hiis
1308 481 1442 514 testibus
1458 508 1465 514 .
1482 481 1676 515 WILLELMO

217 549 256 581 de
272 549 402 581 Rmem
421 575 428 582 .
448 549 640 582 WILLELMO
657 550 696 581 de
713 549 856 582 SUMERY
873 575 879 581 .
898 549 970 581 Ric.
993 550 1032 581 de
1054 550 1086 582 la
1110 550 1246 583 WARRE
1272 575 1278 582 .
1303 550 1429 582 JACOBO
1451 550 1550 582 fratre
1572 550 1644 593 ejus
1667 575 1674 582 .

218 617 335 649 Herm
351 617 423 649 Am
442 643 448 649 .
467 617 607 649 Romzno
623 617 734 649 clerico
751 643 757 649 .
776 617 989 649 BALDEWINO
1004 618 1044 650 de
1066 617 1182 651 Sancto
1205 618 1347 650 DoNATO
1364 644 1370 650 .
1389 618 1544 650 Rxcfflno
1567 618 1678 651 clerieo

217 686 257 717 de
273 685 442 717 KENEFEG
461 712 467 717 .
486 685 661 718 WALTERO
678 685 773 717 PAGE
792 711 798 717 .
815 689 847 718 et
863 686 973 718 multis
988 687 1067 719 aliis.

260 753 332 786 Seal
348 754 382 785 in
399 765 495 796 green
511 765 593 793 wax,
612 754 697 796 igin.
715 754 811 786 diam.
858 754 987 793 Deme,
1004 766 1023 786 a
1038 756 1111 797 stag
1126 757 1159 786 at
1175 755 1280 797 speed,
1296 757 1329 787 to
1345 754 1399 787 the
1414 754 1512 796 right.

259 821 448 864 Legend—-‘
467 827 498 858 -4-
520 821 545 853 ε’
563 847 569 853 .
589 833 731 854 mmmm
749 848 755 854 .
773 833 817 853 DE
835 847 841 853 .
860 822 1027 854 snrronn'

258 890 479 922 Endorsed—‘
491 890 684 932 Resignacio
700 890 837 922 Henrici
853 891 892 923 de
908 890 1056 923 Suthune
1071 892 1111 923 de
1127 893 1211 924 terra
1226 892 1266 924 de
1282 891 1529 934 Bradingtune.'

842 1064 1039 1097 DCOLXV.

216 1145 535 1178 ANNEXATION
567 1146 631 1178 BY
660 1146 863 1185 THOMAS,
892 1145 1064 1179 BISHOP
1091 1146 1150 1178 OF
1176 1146 1237 1178 ST.
1269 1146 1469 1187 DAVID’S,
1493 1146 1552 1178 OF
1579 1146 1678 1178 THE

324 1214 525 1246 CHURCH
579 1214 638 1246 OF
692 1214 1084 1247 LLANGAVELACH
1129 1214 1186 1246 ΤΟ
1237 1214 1334 1246 THE
1380 1213 1678 1247 COLLEGIATE

324 1282 524 1315 OHUROH
564 1282 623 1314 OF
661 1282 938 1314 LANKADOK.

617 1363 747 1406 [HARL.
773 1363 843 1395 MS.
871 1364 964 1402 1249,
981 1363 1004 1395 f.
1024 1364 1063 1394 62
1079 1362 1121 1402 b.‚
1138 1374 1168 1405 p.
1188 1363 1278 1406 124]

888 1431 1076 1463 AscaNsmN
1093 1430 1180 1462 Du.
1228 1432 1266 1462 ll
1285 1430 1376 1462 Mu.
1424 1430 1512 1462 A.D.
1540 1431 1633 1462 1290.

260 1499 428 1531 Um'versis
451 1499 576 1531 Sanctae
599 1500 711 1531 matris
734 1499 870 1531 ecclesiae
894 1500 968 1531 filiis
992 1511 1129 1541 praesens
1152 1500 1303 1541 seriptum
1326 1499 1440 1531 visuris
1456 1499 1506 1531 vel
1522 1499 1679 1532 audituris

217 1567 360 1599 Tnoms
385 1567 590 1609 permissione
616 1568 725 1599 divina
750 1567 975 1599 MENEVENSIS
1000 1568 1162 1610 episcopus
1188 1571 1220 1599 et
1244 1567 1388 1610 ejusdem
1416 1568 1476 1600 loci
1503 1568 1679 1610 capitulum

219 1635 354 1667 salutem
369 1635 403 1666 in
420 1635 561 1667 Domino
577 1635 813 1677 sempiternam.

262 1703 317 1735 Ad
333 1704 518 1735 memoriam
534 1703 657 1746 jugiter
672 1704 858 1736 reducentes
873 1708 905 1736 et
921 1704 991 1746 jugi
1014 1704 1214 1736 revolucione
1237 1715 1272 1735 ac
1295 1703 1525 1736 deliberacione
1547 1704 1680 1746 provida

219 1772 431 1814 ponderantes
447 1775 668 1814 paupertatem
678 1775 710 1804 et
720 1772 894 1804 maximam
910 1774 1084 1814 egestatem
1096 1772 1232 1804 ecclesiae
1245 1771 1421 1814 collegiatae
1433 1772 1473 1803 de
1483 1771 1680 1803 LANKAnoK

220 1840 298 1871 adeo
315 1840 399 1881 quod
417 1842 546 1882 propter
561 1840 738 1872 exilitatem
754 1843 785 1872 et
801 1840 968 1882 penuriam
989 1840 1088 1882 ipsius
1103 1851 1168 1872 non
1184 1839 1301 1872 habeat
1315 1840 1550 1881 receptaculum
1566 1839 1600 1871 in
1615 1850 1678 1881 quo

221 1919 309 1940 senes
329 1908 379 1939 vel
404 1907 538 1950 orphani
563 1920 716 1950 pauperes
741 1909 790 1941 vel
816 1909 977 1951 peregrini
1007 1909 1180 1941 imbecilles
1210 1909 1260 1941 vel
1290 1909 1437 1951 languidi
1467 1909 1598 1940 advenae
1629 1908 1680 1940 vel

220 1978 420 2008 transeuntes
436 1976 565 2008 valeant
580 1976 734 2018 hospitari
750 1977 801 2009 vel
816 1977 860 2009 eis
882 1978 921 2009 de
944 1977 995 2009 die
1011 1988 1066 2009 seu
1080 1979 1172 2009 nocte
1195 1977 1293 2018 possit
1315 1976 1496 2018 aliqualiter
1518 1975 1680 2008 subveniri

220 2055 275 2075 seu
297 2044 331 2075 in
355 2055 416 2086 quo
433 2044 573 2076 caritatis
589 2056 684 2086 opera
705 2047 912 2077 exerceantur
934 2045 1095 2077 ecclesiam
1119 2046 1158 2076 de
1180 2044 1439 2076 Limosvnmcn
1461 2044 1496 2075 in
1519 2043 1680 2076 Gonnum

219 2114 335 2144 nostrae
351 2112 508 2144 dioceseos
523 2113 692 2144 decanatui
701 2113 863 2155 praediotae
876 2113 1013 2145 ecclesiae
1026 2113 1203 2155 collegiatae
1219 2113 1259 2144 de
1270 2111 1462 2144 LANGADOK
1474 2112 1515 2144 de
1526 2122 1680 2144 consensu

218 2183 250 2211 et
265 2191 393 2212 assensu
409 2180 572 2222 magnifici
588 2181 740 2223 principis
755 2181 889 2213 Domini
905 2180 1074 2212 Enwmm
1098 2180 1199 2223 Regis
1218 2180 1365 2212 ANGLIAE
1381 2180 1513 2212 illustris
1528 2179 1679 2211 duximus

217 2248 444 2290 assignandam
471 2259 526 2280 seu
550 2249 656 2291 potius
681 2250 921 2281 annectendam.
981 2249 1035 2281 Ita
1059 2249 1144 2291 quod
1163 2249 1265 2291 ipsam
1289 2248 1448 2280 ecclesiam
1474 2248 1514 2279 de
1540 2246 1677 2279 LANGA-
