1820 2548
1487 207 1547 237 811

129 367 307 399 valenciam
342 366 592 408 quingentarum
623 365 777 397 librarum
807 367 840 396 et
869 365 902 396 in
936 367 1121 405 contemptu
1151 363 1236 405 regis
1266 363 1354 394 mille
1384 363 1538 394 librarum
1561 366 1591 394 ct

132 434 208 466 inde
244 434 392 477 producit
430 435 548 466 sectam
585 436 643 465 etc.
708 433 754 465 Et
785 433 946 475 predictus
984 443 1086 464 comes
1116 432 1204 464 venit
1234 435 1265 463 et
1295 432 1374 463 dicit
1404 432 1490 473 quod
1527 443 1591 463 non

131 502 226 535 debet
255 503 284 535 ei
315 503 356 534 ad
391 503 450 534 hoc
480 502 574 534 breve
594 503 785 544 respondere
813 502 889 543 quia
913 501 990 533 dicit
1021 501 1106 543 quod
1135 501 1202 542 ipse
1236 499 1332 532 habet
1362 500 1469 542 regale
1499 511 1592 531 suum

130 572 165 603 in
194 571 340 614 partibus
371 571 588 603 GLAMORGAN
615 573 648 602 et
678 571 763 612 quod
793 570 860 613 ipse
890 573 922 602 et
952 573 1163 602 antecessores
1193 568 1242 600 sui
1268 579 1392 610 semper
1424 579 1590 600 consueve-

130 642 208 672 runt
236 639 389 682 placitare
427 639 533 671 omnia
563 639 681 681 placita
710 639 776 671 sive
806 639 938 671 fuerunt
967 639 1007 670 de
1036 637 1339 680 transgressionibus
1365 638 1431 669 sive
1457 638 1497 669 de
1523 637 1594 668 aliis

130 708 256 750 placitis
282 708 333 740 vel
357 708 494 750 querelis
517 708 603 740 unde
629 707 708 739 dicit
731 708 818 749 quod
840 718 904 739 non
929 709 1057 738 tenetur
1083 706 1134 738 hio
1157 706 1346 748 respondere
1367 707 1408 737 ad
1432 705 1594 748 querelam

130 777 266 818 predicti
285 776 469 809 WILLELMI
487 776 608 808 desicut
623 776 709 808 idem
725 775 940 808 WILLELMUS
955 779 1130 808 monstrare
1146 787 1211 807 non
1229 778 1334 818 potest
1356 776 1442 817 quod
1457 775 1491 806 in
1507 775 1595 807 curia

131 856 190 877 sua
204 845 244 877 de
261 844 476 876 GLAMORGAN
494 845 535 876 sit
550 844 654 876 eidem
670 844 865 877 WILLELMO
879 845 913 876 in
930 844 1037 886 aliquo
1046 844 1239 886 injuriatum
1255 847 1286 876 et
1298 845 1379 886 petit
1388 844 1463 875 inde
1475 844 1595 876 curiam

131 925 222 946 suam
238 916 295 945 etc.
341 913 388 945 Et
404 913 620 945 WILLELMUS
636 913 715 945 dicit
729 914 815 955 quod
836 913 903 955 ipse
918 924 982 945 non
999 916 1086 945 tenet
1103 914 1142 944 de
1157 913 1299 954 predicto
1315 912 1429 944 comite
1445 912 1542 944 immo
1559 913 1598 944 de

131 982 260 1014 domino
277 982 368 1024 Rege
383 982 417 1014 in
434 982 536 1024 capite
552 984 584 1014 et
599 982 680 1024 petit
695 982 855 1024 judicium
871 982 896 1014 si
912 981 1073 1024 predictus
1096 992 1199 1013 comes
1219 981 1258 1013 de
1275 981 1525 1023 transgressione
1542 992 1599 1012 sua

131 1051 260 1092 propria
275 1049 360 1081 facta
375 1049 409 1081 in
425 1050 514 1092 regia
530 1050 582 1081 via
599 1049 699 1092 Regis
714 1050 835 1082 curiam
851 1061 942 1082 suam
958 1049 1073 1082 habere
1084 1049 1197 1082 debeat
1207 1049 1257 1081 vel
1269 1049 1367 1092 possit
1377 1049 1600 1091 quoquomodo

133 1129 172 1150 ex
187 1128 250 1160 quo
262 1118 470 1160 transgressio
485 1129 523 1150 ea
538 1118 624 1149 facta
639 1118 703 1150 fuit
719 1118 752 1150 in
768 1122 988 1160 contemptum
1004 1118 1104 1161 Regis
1120 1122 1157 1150 ut
1180 1119 1359 1160 predictum
1382 1121 1438 1150 est.
1486 1117 1601 1150 Postea

133 1198 189 1229 per
204 1187 373 1219 consilium
387 1186 489 1229 Regis
505 1187 715 1218 constitutum
732 1190 779 1219 est
794 1188 879 1229 quod
895 1187 1056 1229 predictus
1071 1199 1174 1219 comes
1194 1187 1393 1229 respondeat.
1439 1186 1485 1218 Et
1501 1197 1602 1218 comes

133 1255 228 1288 salvis
252 1255 311 1288 sibi
327 1259 360 1287 et
375 1255 545 1287 heredibus
560 1256 625 1287 suis
640 1255 787 1288 omm'bus
803 1255 1004 1288 libertatibus
1019 1255 1174 1298 etnliberis
1195 1255 1477 1288 consuetudinibus
1489 1255 1604 1297 qm'bus

134 1324 201 1367 ipse
217 1327 249 1356 et
263 1327 476 1356 antecessores
491 1324 540 1356 sui
556 1324 719 1366 hucusque
736 1325 784 1357 usi
799 1328 873 1357 sunt
894 1325 928 1357 in
945 1325 1036 1357 terris
1051 1325 1116 1356 suis
1131 1325 1171 1357 de
1186 1324 1334 1357 WALLIA
1350 1327 1382 1356 et
1398 1324 1432 1356 in
1447 1323 1507 1356 hoc
1519 1324 1604 1365 quod

134 1392 339 1435 inplacitatus
364 1395 412 1425 est
438 1393 489 1424 hic
505 1405 562 1435 per
576 1394 755 1435 predictum
774 1393 999 1426 WILLELMUM
1015 1393 1165 1436 predictis
1180 1393 1381 1425 libertatibus
1393 1393 1457 1425 suis
1469 1392 1501 1424 in
1516 1392 1605 1424 nullo

136 1461 204 1503 prej
211 1461 365 1494 adicietur
380 1461 550 1504 quominus
565 1463 676 1494 eodem
690 1462 854 1494 libertates
870 1465 902 1494 et
913 1462 1012 1495 libere
1024 1462 1231 1495 consuetudin
1237 1473 1269 1494 es
1284 1463 1408 1503 integre
1418 1463 1605 1493 remaneant

137 1533 169 1562 et
191 1529 314 1563 illibate
337 1530 418 1562 sicut
439 1530 636 1573 temporibus
658 1531 822 1563 retroactis
844 1531 929 1563 idem
960 1543 1064 1563 comes
1086 1534 1118 1562 et
1141 1534 1350 1563 antecessores
1373 1530 1422 1561 sui
1446 1530 1495 1561 usi
1518 1532 1602 1561 sunt.

139 1597 228 1630 Dicit
249 1598 334 1652 idem
357 1610 459 1630 eomes
478 1600 563 1641 quod
582 1611 647 1631 non
669 1603 773 1642 potest
797 1611 854 1631 nec
878 1599 971 1632 debet
995 1600 1034 1631 de
1056 1602 1206 1641 precepto
1224 1599 1414 1641 respondere
1441 1609 1606 1640 quousque

140 1666 313 1708 principale
334 1667 369 1698 in
392 1667 478 1699 curia
500 1668 562 1700 ista
585 1668 799 1700 convincatur.
846 1668 891 1700 Et
915 1671 1058 1710 preterea
1076 1668 1162 1700 idem
1185 1679 1288 1699 comes
1310 1667 1387 1699 dicit
1411 1666 1496 1708 quod
1515 1669 1603 1698 tenet

139 1735 296 1777 predictas
321 1738 420 1767 terras
447 1738 479 1768 et
503 1736 666 1769 libertates
692 1737 731 1769 de
756 1749 812 1769 suo
838 1743 869 1769 et
895 1740 1129 1769 antecessorum
1155 1747 1285 1768 suorum
1316 1738 1490 1777 conquestu
1516 1734 1602 1766 unde

138 1803 265 1835 videtur
279 1803 308 1835 ei
324 1804 408 1845 quod
423 1805 462 1836 ‹le
477 1804 538 1836 hiis
554 1805 621 1837 sine
636 1806 890 1838 consideracione
902 1806 1027 1848 parium
1039 1816 1169 1838 suorum
1184 1805 1322 1837 ANGLOE
1335 1807 1366 1836 et
1391 1803 1602 1835 marchesium

137 1871 283 1905 WALLIE
307 1872 363 1914 qui
385 1872 503 1905 eisdem
523 1873 723 1906 libertatibus
745 1874 778 1906 in
799 1875 891 1906 terris
912 1875 976 1906 suis
998 1874 1237 1907 WALLExsmn
1257 1874 1401 1915 gaudent
1422 1884 1487 1904 non
1505 1871 1599 1904 debet

138 1941 213 1973 inde
229 1940 324 1973 alicui
340 1942 537 1983 respondere.
