1820 2548
211 150 273 180 914

166 315 256 348 posse
276 316 347 338 meo
366 309 476 337 contra
495 316 603 338 omnes
621 305 765 337 homines
788 330 794 336 .
819 307 851 336 et
875 305 1022 347 precipue
1048 308 1157 338 eontra
1175 305 1256 337 filios
1274 305 1398 339 Wnov'
1428 331 1435 337 .
1461 308 1494 338 et
1514 316 1624 338 eorum

166 374 361 416 progeniem.
423 373 467 405 Et
497 373 582 416 quod
616 373 743 405 nullum
774 373 936 405 hominem
968 373 1182 406 manutenebo
1216 374 1265 406 vel
1299 373 1510 406 warantizabo
1536 399 1543 406 .
1569 374 1626 417 qui

165 441 352 474 violentiam
367 441 478 474 fecerit
492 442 601 474 domm·
618 442 656 474 de
672 441 825 473 MARGAN
843 467 850 475 .
867 442 928 474 nisi
944 442 1031 484 prius
1046 442 1148 474 eidem
1164 442 1273 474 domui
1288 441 1482 474 satisfecerit.

210 510 288 542 Hiis
303 509 446 543 testibus.

394 578 453 600 This
466 578 483 599 it
498 578 520 599 iu
534 582 586 607 part
599 586 610 599 ιι
623 577 790 600 confirmation
804 578 829 600 of
841 577 994 600 DCCCXVI.
1115 578 1152 606 (1)
1170 578 1214 600 Sec
1226 578 1270 600 No.
1284 577 1398 600 DLXXI.

822 733 965 765 DOCOI.

225 813 386 847 GRANT
424 814 489 846 BY
519 813 703 853 LEISAN,
735 813 822 846 SON
854 814 912 846 OF
947 813 1157 853 MORGAN,
1189 814 1248 846 OF
1279 813 1565 846 GUMBOLDES

544 881 713 921 WILLE,
746 882 803 914 TO
834 882 1041 914 MARGAM
1072 882 1243 914 ABBEY.

718 962 892 1005 [MARGAM
921 962 1113 1005 CHARTER]

206 1044 316 1076 Sciant
343 1055 452 1076 omnes
476 1055 505 1086 p.
529 1048 561 1075 et
580 1045 602 1075 f.
627 1045 712 1086 quod
735 1055 794 1086 ego
816 1044 986 1076 Lmsmws
1006 1044 1091 1075 filius
1117 1043 1283 1076 MORGANI
1304 1044 1379 1076 dedi
1402 1046 1434 1076 et
1459 1043 1518 1076 hae
1538 1046 1626 1076 carta

162 1113 347 1144 confirmavi
367 1112 436 1144 Deo
452 1116 483 1143 et
499 1113 626 1144 ecclesie
647 1112 762 1144 Sancte
783 1112 901 1144 Mum:
918 1113 957 1143 de
977 1111 1130 1143 MARGAN
1148 1138 1154 1143 .
1172 1115 1203 1144 et
1226 1112 1389 1144 monachis
1412 1111 1532 1144 ibidem
1552 1112 1623 1144 Deo

164 1180 374 1213 servientibus
395 1181 429 1212 in
450 1192 564 1223 puram
583 1185 615 1212 et
630 1184 816 1223 perpetuam
837 1180 1041 1212 elemosinam
1064 1206 1070 1212 .
1094 1191 1132 1211 1J.
1150 1191 1237 1212 acras
1259 1182 1341 1212 terre
1356 1180 1397 1211 ad
1419 1179 1627 1212 GUMBOLDES

166 1249 291 1282 WlLLE
307 1249 391 1281 inter
407 1249 721 1281 CROCKERESHL'LLE
737 1252 768 1281 et
784 1251 911 1291 pratum
927 1248 1028 1290 Regis
1048 1274 1054 1279 .
1080 1248 1242 1280 habendas
1257 1251 1288 1279 et
1304 1248 1458 1280 tenendas
1473 1249 1513 1279 de
1528 1259 1580 1280 me
1595 1250 1628 1280 et

167 1317 337 1349 heredibus
352 1318 431 1349 meis
447 1318 480 1349 in
496 1322 685 1359 perpetuum
702 1317 799 1349 libere
815 1320 846 1348 et
862 1318 966 1359 quiete
983 1342 989 1348 .
1003 1316 1121 1358 absque
1136 1316 1223 1348 omni
1238 1316 1366 1348 servitio
1379 1341 1386 1347 .
1400 1317 1627 1349 consuetudine

167 1389 198 1417 et
223 1386 387 1418 exactione
414 1411 419 1417 .
445 1386 526 1417 siout
549 1386 614 1417 ulla
637 1386 809 1417 elemosina
831 1384 960 1417 liberius
982 1384 1091 1416 haberi
1113 1387 1217 1426 potest
1239 1386 1271 1416 et
1289 1385 1400 1416 teneri.
1447 1384 1492 1416 Et
1514 1395 1574 1427 ego
1596 1389 1629 1417 et

168 1453 299 1485 heredes
321 1453 384 1485 mei
404 1453 681 1485 warantizabimus
700 1453 848 1495 predictis
869 1453 1031 1484 monachis
1054 1452 1135 1484 hanc
1155 1452 1359 1484 donationem
1388 1454 1498 1484 contra
1519 1463 1629 1485 omnes

169 1521 314 1554 homines
331 1521 364 1553 in
382 1525 580 1564 perpetuum.
627 1521 704 1553 Hiis
720 1521 861 1553 testibus.

215 1589 416 1621 Entitled-—‘
428 1589 524 1621 Carta
540 1589 670 1621 Leisani
686 1590 726 1621 de
742 1589 938 1621 Gumboldes
955 1588 1087 1622 Wulle.⁷

822 1769 987 1802 DCOCII.

195 1850 559 1883 CONFIRMATION
604 1851 668 1883 BY
713 1850 896 1889 LEISAN,
939 1850 1027 1883 SON
1072 1849 1131 1881 OF
1175 1849 1386 1887 MORGAN,
1425 1848 1484 1881 OF
1528 1848 1610 1881 HIS

399 1918 630 1951 FATHER'S
668 1919 853 1951 GRANTS
892 1919 948 1951 ΤΟ
987 1917 1194 1950 MARGAM
1231 1916 1403 1949 ABBEY.

708 2000 881 2043 [MARGAM
906 1997 1097 2041 CHARTER]

217 2077 374 2110 Omnibus
390 2077 505 2110 Sancte
522 2079 649 2111 ecclesie
665 2080 738 2112 filiis
754 2092 784 2122 p.
801 2091 826 2112 e.
846 2080 867 2111 f.
885 2079 1015 2111 LmsAN
1032 2079 1117 2111 filius
1132 2077 1298 2110 Monam
1315 2077 1460 2110 salutem.

216 2145 331 2178 Sciatis
352 2157 403 2178 me
423 2147 608 2179 concessisse
629 2150 660 2180 et
676 2148 734 2180 hae
755 2151 841 2180 carta
857 2148 1055 2180 confirmasse
1071 2147 1114 2178 D.
1131 2148 1163 2178 et
1178 2157 1204 2178 e.
1222 2145 1337 2178 Sancte
1360 2145 1406 2177 M.
1424 2145 1463 2177 de
1479 2144 1633 2177 Maon-1

174 2217 205 2246 et
225 2225 266 2246 m.
289 2214 309 2246 i.
331 2213 372 2246 D.
394 2225 418 2246 s.
443 2226 551 2246 omnes
574 2216 761 2248 donationes
783 2219 815 2248 et
838 2215 1092 2248 confirmationes
1116 2225 1194 2256 quas
1216 2216 1306 2256 pater
1328 2225 1418 2246 meus
1440 2212 1637 2245 MAnomus
