1820 2548
259 141 321 172 800

214 297 384 339 assignatis
406 297 503 329 libere
527 300 558 328 et
573 297 680 339 quiete
695 297 775 329 bene
792 300 822 329 et
838 297 966 339 pacifice
984 298 1173 330 hereditarie
1190 324 1196 330 .
1214 299 1448 341 inperpetuum.
1495 300 1672 334 Reddendo

218 365 292 396 inde
315 365 482 397 annuatim
505 366 634 397 domino
658 365 743 397 feodi
766 366 845 397 duos
867 366 1012 398 denarios
1028 367 1069 398 ad
1091 370 1227 408 quatuor
1243 368 1319 399 anni
1334 368 1486 399 terminos
1503 393 1510 400 .
1528 369 1674 401 videlicet

213 433 253 463 ad
277 433 394 464 festum
425 433 510 464 beati
542 433 735 465 MICHAELIS
758 445 859 465 unum
882 434 1009 466 obolum
1033 460 1040 466 .
1065 435 1103 466 ad
1128 435 1234 466 natale
1258 435 1389 467 Domini
1413 461 1419 467 .
1447 436 1575 468 obolum
1599 462 1605 468 .
1630 437 1672 469 ad

217 500 338 532 Pascha
366 527 371 532 .
399 490 528 532 oboluni
553 527 558 532 .
585 504 615 533 et
640 502 681 533 ad
706 502 908 533 nativitatem
935 501 955 533 J
959 513 1108 534 OHANNIS
1134 503 1302 535 BAvnsu-r:
1329 503 1457 535 obolum
1482 529 1487 535 .
1513 508 1544 535 et
1571 516 1672 537 unum

215 569 300 600 diem
324 570 565 610 autumpnalem
588 569 684 601 unius
706 569 844 601 hominis
866 581 938 601 cum
961 574 1044 602 secta
1067 571 1151 602 curie
1173 582 1230 613 pro
1254 571 1339 602 omni
1359 571 1488 603 servicio
1508 572 1672 605 exactione

212 640 243 667 et
277 638 444 669 demanda.
492 637 554 669 Pro
585 638 643 669 hac
674 641 781 670 autem
818 639 988 670 donatione
1018 642 1050 671 et
1087 640 1283 672 concessione
1321 641 1408 672 dedit
1438 641 1535 673 michi
1568 641 1670 674 dictus

212 704 233 736 J
237 716 393 736 OHANNES
410 705 526 747 viginti
543 706 657 737 solidos
673 707 900 748 sterlingorum
917 718 971 748 pro
987 707 1142 739 manibus.
1176 707 1247 750 Ego
1259 720 1331 740 vero
1342 709 1445 740 dictus
1458 709 1671 742 Wummws

213 776 243 804 et
269 773 398 805 heredes
425 774 487 805 mei
515 774 565 805 vel
591 774 653 805 mei
679 774 833 816 assignati
858 800 863 805 .
889 775 972 806 dicto
1000 775 1155 807 JOHANNJ
1183 780 1214 807 et
1238 776 1360 808 Amm
1387 802 1390 806 .
1417 777 1585 809 heredibus
1607 778 1672 810 suis

213 852 267 872 seu
283 842 451 883 assignatis
468 842 589 873 dictum
607 842 804 884 mesuagium
822 846 853 873 et
869 843 1073 885 curtilagium
1093 855 1164 875 cum
1181 844 1328 876 omnibus
1344 845 1548 886 pertinenciis
1563 850 1672 878 contra

212 920 320 940 omnes
336 909 479 940 hominos
502 912 532 941 et
550 910 686 942 feminas
710 911 934 952 inperpetuum
951 911 1224 943 warentizabimus
1240 915 1270 944 et
1288 913 1501 945 defendemus.
1548 913 1599 945 Ut
1613 914 1671 946 hee

212 988 281 1008 mea
296 1003 301 1008 .
316 978 447 1009 donacio
465 981 495 1009 et
513 978 667 1010 concessio
685 983 835 1020 perpetue
852 979 1010 1011 firmitatis
1026 979 1120 1011 robur
1137 980 1277 1021 optineat
1291 1006 1296 1011 .
1312 980 1385 1012 huie
1402 984 1539 1022 presenti
1556 982 1671 1024 scripto

212 1045 353 1087 sigillum
371 1058 474 1077 meum
493 1047 634 1088 apposui.
682 1046 760 1078 Hiis
775 1047 910 1078 testibus
928 1073 934 1078 .
955 1047 1145 1079 Wumnmm
1165 1048 1284 1080 Tmuu'
1302 1075 1307 1080 .
1327 1049 1488 1080 HEcho
1503 1049 1644 1081 Wurou
1662 1075 1668 1081 .

211 1113 286 1144 Am
312 1113 478 1144 HERmxo
505 1140 510 1144 .
538 1114 712 1145 Wnffmo
735 1115 861 1146 MAGoR
887 1141 892 1145 .
919 1115 1096 1147 annomo
1119 1116 1271 1148 Romam
1297 1143 1301 1148 .
1327 1117 1490 1149 JOHANNE
1513 1118 1638 1150 JACOBO
1662 1144 1668 1150 .

213 1180 404 1212 Wufflmo
421 1181 516 1212 Arno
535 1207 540 1212 .
559 1185 589 1213 et
606 1183 715 1213 multis
732 1183 809 1214 aliis.

255 1248 433 1286 Seal‚da1·k
459 1260 555 1290 green
580 1261 658 1288 wax,
678 1251 775 1292 finely
792 1252 952 1289 exeeuted,
970 1253 1032 1283 und
1057 1264 1073 1283 a
1098 1253 1180 1284 clear
1203 1253 1409 1294 impression:
1435 1254 1565 1295 pointed
1588 1255 1668 1293 ovaL

212 1317 295 1352 Hin.
314 1317 357 1357 by
374 1317 438 1357 {in-
485 1318 613 1350 Device.
636 1318 707 1349 bust
732 1319 764 1350 in
788 1319 899 1360 profile
922 1323 954 1351 to
977 1319 1030 1351 the
1054 1320 1122 1356 left,
1148 1320 1217 1352 hair
1241 1322 1357 1359 curled,
1381 1333 1483 1353 crown
1508 1323 1668 1361 tonsured,

211 1386 325 1426 draped
345 1390 377 1416 at
393 1385 447 1416 the
465 1386 551 1417 neck.
599 1386 712 1417 Abovo
727 1387 751 1418 it
768 1387 794 1418 is
810 1399 829 1418 a
844 1387 931 1429 right
946 1388 1032 1419 haud
1049 1388 1082 1419 of
1099 1388 1246 1430 blessing,
1266 1389 1342 1420 with
1358 1390 1465 1421 vested
1481 1401 1557 1421 arm.

558 1460 565 1470 ⁶
582 1459 612 1490 -ξ-
643 1454 667 1485 s'
694 1480 699 1485 .
726 1480 733 1485 .
760 1481 765 1486 .
793 1481 798 1486 .
827 1466 857 1486 m
883 1480 889 1486 .
915 1467 1117 1487 KETHEROCH
1144 1482 1150 1487 .
1176 1456 1327 1487 ‹etArLL’L'

255 1521 579 1554 Endorsed—‘Will’
605 1522 785 1555 Ketherech
810 1524 848 1555 de
872 1524 1029 1565 Mesuag.⁷

825 1689 1059 1721 DCCXXXV.

215 1767 374 1799 GRANT
412 1767 476 1799 ΒΥ
515 1768 651 1807 JOHN,
690 1768 777 1801 SON
816 1769 875 1801 OF
913 1769 1131 1802 WILLIAM
1161 1769 1224 1801 DE
1249 1770 1423 1810 BARRY,
1460 1772 1669 1805 BURGESS

322 1836 380 1867 OF
427 1836 643 1875 CARDIFF,
675 1837 732 1869 TO
777 1836 1012 1876 MATILLIS,
1052 1837 1318 1870 DAUGHTER
1355 1839 1414 1871 OF
1452 1839 1669 1874 RIOHARD

326 1904 561 1943 BORNARD,
586 1905 645 1937 OF
667 1906 700 1937 A
723 1905 984 1937 TENEMENT
1008 1906 1059 1937 IN
1085 1905 1183 1938 THE
1207 1906 1345 1938 TOWN
1370 1907 1428 1939 OF
1451 1907 1666 1942 CARDIFF.

748 1985 920 2028 [MARGAM
945 1985 1137 2028 CHARTER]

255 2064 363 2096 Sciant
395 2068 555 2106 presentes
584 2068 616 2096 et
646 2065 746 2097 futuri
775 2066 859 2107 quod
889 2077 949 2108 ego
978 2066 1159 2098 JOHANNES
1189 2067 1228 2098 de
1253 2067 1374 2099 Bmmv
1404 2068 1488 2100 filius
1517 2072 1548 2100 et
1578 2069 1668 2102 heres

212 2132 399 2164 annmfl
416 2133 455 2164 dc
472 2132 592 2164 BARRY
607 2133 774 2175 burgensis
795 2135 834 2165 de
856 2134 1017 2166 KAi-:RDIF
1036 2135 1110 2166 dedi
1130 2135 1266 2166 concessi
1287 2138 1318 2167 et
1333 2136 1471 2178 presenti
1488 2139 1573 2168 carta
1595 2148 1666 2169 mea

211 2201 393 2232 confirmavi
411 2200 599 2232 MA‘rlLLxm
616 2201 680 2233 filie
697 2201 843 2233 Rumam
863 2202 1028 2234 Bonis-Am)
1052 2203 1212 2244 quoddam
1235 2206 1452 2236 tenementum
1475 2205 1509 2236 in
1533 2205 1611 2237 villa
1627 2207 1666 2237 de
