1820 2548
223 147 286 178 928

809 303 1001 338 DCCCXV.

276 383 437 417 GRANT
474 384 539 417 BY
577 384 778 416 MORGAN
816 384 913 416 GAM
951 384 1010 416 OF
1046 384 1141 416 ALL
1178 384 1276 417 THE
1314 384 1446 417 LAND
1484 384 1543 417 OF

505 445 769 479 ROSSAULIN
808 445 865 478 TO
903 445 1110 479 MARGAM
1146 446 1316 479 ABBEY.

715 520 888 563 [Minoem
913 520 1105 564 CHARTER]

553 595 667 628 Cum
693 595 857 627 Monam
883 595 958 627 Ciu
983 606 1026 627 DE
1058 595 1258 627 Rossmmv.

221 663 329 696 Sciant
343 676 369 696 0.
382 676 412 706 p.
425 666 457 695 et
470 664 491 696 f.
504 665 589 706 quod
602 675 660 706 ego
672 663 865 695 MORGANUS
877 664 960 696 filius
972 664 1136 696 MoRGAm
1149 689 1155 695 .
1167 664 1302 696 concessi
1313 666 1345 696 et
1356 664 1386 696 h.
1395 675 1419 696 c.
1431 665 1615 698 confirmavi
1626 689 1635 699 .

176 732 219 765 D.
236 735 268 764 et
290 743 333 764 ec.
351 732 382 764 S.
400 732 448 764 M.
465 733 505 764 de
529 732 683 764 Minois
708 758 715 764 .
740 736 771 765 et
794 743 836 764 m.
860 733 880 764 i.
905 732 947 764 D.
972 744 995 764 s.
1019 733 1054 764 in
1076 735 1263 774 perpetuam
1285 733 1514 765 elemosinam.
1532 735 1634 767 totam

173 803 290 832 terram
306 801 345 832 de
362 800 551 832 Rosswmx
570 826 575 832 .
593 812 665 832 cum
681 800 828 833 omnibus
843 800 1043 842 pertinentiis
1057 801 1122 833 suis
1135 826 1141 832 .
1154 801 1273 833 scilicet
1288 801 1439 843 quicquid
1454 801 1635 835 continetur

173 869 258 901 inter
278 880 394 911 aquam
415 881 476 911 que
495 869 612 901 dicitur
628 869 765 902 Wmcn
782 894 788 900 .
806 873 838 901 et
859 880 974 911 aquam
995 881 1056 911 que
1078 869 1194 902 dicitur
1214 869 1460 901 GLEUDAc’KAc'
1479 895 1486 902 .
1502 872 1535 902 et
1549 870 1634 904 inter

173 948 289 979 aquam
313 938 351 969 de
375 937 478 969 Num
496 963 503 969 .
521 940 553 969 et
574 949 726 980 magnam
743 938 828 969 viam
844 949 905 979 que
928 938 1015 970 vadit
1038 949 1094 980 per
1115 940 1268 969 montana
1291 938 1330 969 de
1353 937 1606 971 TORREBETHEL
1623 964 1629 971 .

174 1017 272 1047 usque
293 1006 334 1036 ad
357 1005 566 1037 BLmemc
583 1031 590 1038 .
607 1010 639 1037 et·
660 1017 768 1038 onmes
789 1006 996 1038 comoditates
1020 1017 1100 1047 aque
1122 1006 1162 1038 de
1183 1005 1286 1037 Nl-:Tn
1304 1031 1310 1037 .
1328 1006 1411 1038 inter
1432 1007 1510 1039 duas
1534 1018 1632 1049 aquas

173 1074 409 1115 prenominatas
426 1100 432 1105 .
450 1077 481 1106 et
499 1085 607 1106 omnes
623 1074 829 1106 comoditates
849 1074 949 1106 tocius
973 1074 1110 1106 nemoris
1130 1073 1216 1105 'mfra
1231 1074 1388 1115 predictos
1403 1075 1555 1107 terminos
1571 1100 1578 1107 .
1595 1075 1630 1108 in

170 1142 265 1174 melle
281 1146 312 1173 et
328 1142 440 1174 avibus
457 1168 462 1173 .
481 1145 511 1174 et
528 1143 561 1174 in
578 1142 725 1174 omnibus
740 1143 810 1174 aliis
826 1143 964 1174 comodis
980 1168 986 1174 .
1004 1143 1044 1174 de
1064 1143 1174 1174 eodem
1195 1153 1323 1174 nemore
1343 1143 1604 1184 provenientibus
1620 1169 1627 1176 .

170 1214 202 1242 et
225 1222 425 1242 communem
448 1214 611 1252 pastusam
634 1211 735 1243 tocius
757 1214 838 1243 terre
861 1222 930 1243 mee
952 1211 1036 1242 inter
1057 1210 1182 1242 Avmuz
1206 1213 1238 1242 et
1260 1209 1373 1242 NETH.
1428 1210 1503 1243 Hoc
1525 1213 1630 1244 totum

172 1279 355 1311 confirmavi
380 1279 513 1321 prefatis
539 1279 701 1311 monachis
728 1280 767 1311 de
794 1279 947 1311 MARGAN
974 1304 980 1310 .
1007 1279 1087 1311 sicut
1111 1281 1195 1310 carte
1221 1278 1320 1320 patris
1344 1279 1407 1310 mei
1433 1281 1466 1310 et
1492 1279 1628 1312 flatrum

168 1358 311 1379 meorum
327 1359 405 1389 quas
420 1348 495 1379 inde
510 1347 630 1379 habent
645 1350 812 1380 testantur.
859 1347 904 1380 Et
919 1347 1028 1389 juravi
1043 1358 1136 1389 super
1148 1346 1327 1378 sanctuaria
1342 1346 1487 1389 ejusdem
1500 1347 1627 1380 ecclesie

170 1416 255 1457 quod
276 1415 333 1447 hec
352 1416 460 1447 omnia
481 1416 662 1457 supradicta
677 1416 721 1448 eis
737 1416 874 1447 fideliter
894 1415 1008 1448 tenebo
1027 1440 1032 1446 .
1050 1418 1083 1447 et
1098 1414 1216 1456 absque
1231 1414 1304 1447 dolo
1321 1439 1328 1446 .
1345 1416 1378 1447 et
1392 1417 1502 1447 eontra
1517 1426 1627 1449 omnes

170 1483 315 1516 homines
330 1495 387 1526 pro
403 1495 491 1526 posse
506 1495 578 1516 meo
595 1483 807 1516 warantizabo
823 1484 856 1515 in
872 1486 1071 1526 perpetuum.

214 1551 291 1584 Hiis
306 1551 448 1584 testibus.

608 1595 668 1617 Also
680 1602 694 1617 a
705 1595 873 1617 confirmation
886 1596 909 1616 of
922 1599 977 1622 part
988 1595 1013 1616 of
1032 1593 1185 1617 DCCCXVI.

793 1722 1006 1756 DCCGXVI.

172 1804 333 1838 GRANT
363 1804 428 1837 BY
457 1804 643 1844 LEISAN,
673 1804 761 1837 SON
792 1804 851 1837 OF
881 1804 1092 1842 MORGAN,
1123 1803 1181 1836 ΤΟ
1217 1803 1426 1836 MARGAM
1455 1804 1628 1844 ABBEY,

280 1866 339 1898 OF
365 1865 464 1898 THE
488 1865 620 1900 LAND
645 1866 703 1899 OF
727 1865 1002 1905 ROSSAULIN,
1026 1865 1262 1898 BETWEEN
1285 1865 1384 1897 THE
1406 1865 1629 1907 STREAMS,

278 1927 465 1967 WRACH,
490 1927 998 1966 CLEUDACHCUMKAKE,
1022 1926 1123 1959 AND
1151 1926 1295 1966 NE'I'H,
1319 1926 1397 1959 Ετο.

706 2001 879 2044 [MARGAM
904 1999 1096 2043 CHARTER]

212 2075 370 2108 Omnibus
385 2075 501 2107 Sancte
517 2076 644 2108 ecclesie
659 2076 733 2107 filiis
749 2088 779 2118 p.
798 2087 824 2107 e.
841 2076 864 2107 f.
882 2075 1012 2107 Lmsffl
1028 2075 1112 2106 filius
1127 2074 1291 2106 Momm-1
1309 2074 1452 2106 salutem.

210 2144 323 2176 sciatis
348 2154 398 2175 me
422 2143 552 2175 consilio
576 2148 607 2175 et
634 2155 787 2176 consensu
810 2143 909 2185 patris
933 2143 996 2175 mei
1020 2145 1052 2174 et
1076 2142 1248 2174 ann'oorum
1272 2152 1416 2173 meorum
1442 2141 1626 2174 concessisse

165 2216 196 2244 et
219 2212 342 2244 dedisse
365 2214 397 2243 et
418 2211 478 2243 hac
501 2215 587 2243 carta
609 2212 808 2244 confirmasse
831 2211 872 2243 D.
895 2215 926 2243 et
949 2223 974 2243 e.
1000 2211 1116 2243 Sancte
1138 2210 1186 2242 M.
1211 2210 1250 2241 de
1272 2210 1424 2242 Minois
1455 2212 1487 2241 et
1508 2221 1550 2242 m.
1571 2210 1627 2252 qui
