1820 2548
243 162 306 193 850

856 524 1005 558 DCOLI.

197 602 359 636 GRANT
383 604 448 637 BY
471 605 624 638 DAVID
648 605 710 637 LE
733 605 919 638 SPODUR
943 606 1002 638 OF
1017 607 1050 639 A
1065 606 1315 640 MESSUAGE
1333 606 1387 639 IN
1404 605 1659 646 BONEVIIAE,

689 673 747 706 ΤΟ
771 674 979 707 MARGAM
1001 674 1173 707 ABBEY.

736 755 909 798 [MARGAM
933 755 1125 798 CHARTER]
1400 755 1505 787 G1RCA
1521 756 1614 787 1281.

237 832 346 865 Sciant
362 845 392 876 p.
410 838 441 866 et
457 834 481 866 f.
498 836 586 877 quod
603 847 662 878 ego
679 836 796 868 DAvm
818 837 848 867 le
871 835 1007 868 Spomm
1027 837 1101 868 dedi
1122 837 1258 869 concessi
1280 839 1311 868 et
1337 836 1396 868 hac
1414 836 1553 878 presenti
1574 838 1661 869 carta

196 912 267 933 mea
302 902 487 934 confirmavi
516 903 625 936 abbat-i
659 907 691 936 et
729 904 900 936 conventui
938 905 977 936 de
1017 904 1171 936 MARGAN
1211 916 1312 936 unum
1342 904 1557 946 messuagium
1587 915 1659 937 cum

195 969 364 1011 cmfflagio
386 970 421 1002 in
444 970 522 1002 villa
544 972 584 1003 de
607 971 784 1003 Romamn
807 972 841 1004 in
865 972 997 1004 australi
1019 976 1109 1014 parte
1132 972 1235 1015 Regie
1258 973 1308 1004 vie
1333 998 1339 1003 .
1363 973 1449 1014 quod
1470 971 1555 1014 jaoet
1575 972 1659 1004 inter

196 1039 314 1069 terram
346 1038 574 1071 monachorum
602 1040 642 1071 de
683 1039 837 1071 MARGAN
871 1051 910 1072 ex
944 1051 1009 1072 una
1042 1043 1132 1082 parte
1166 1040 1200 1072 in
1234 1040 1395 1072 occidente
1432 1066 1438 1072 .
1475 1042 1508 1072 et
1541 1042 1659 1072 terram

195 1104 371 1137 Jomms
395 1107 633 1139 anmmw
657 1120 696 1139 ex
720 1109 819 1140 albem
842 1111 932 1150 parte
954 1108 988 1140 in
1011 1109 1132 1140 oriente
1155 1134 1161 1140 .
1186 1111 1217 1140 et
1240 1109 1387 1140 extendit
1407 1120 1439 1140 se
1462 1120 1481 1140 a
1498 1108 1588 1151 regia
1607 1108 1660 1140 via

195 1184 304 1205 versus
328 1178 482 1207 austrum.
544 1175 589 1207 Et
616 1176 783 1208 dimidiam
813 1187 918 1208 acram
940 1180 1022 1208 terre
1053 1176 1254 1218 adjacentem
1285 1176 1370 1208 dicto
1409 1176 1578 1218 eurtflagio
1617 1176 1659 1208 ad

196 1243 368 1274 australem
384 1246 508 1285 partem
524 1256 596 1276 cum
618 1245 830 1286 pertinenciis.
877 1244 1066 1277 Tenendam
1088 1247 1118 1276 et
1142 1243 1323 1276 habendam
1346 1244 1385 1275 de
1411 1255 1462 1275 me
1489 1243 1659 1276 heredibus

196 1311 276 1342 meis
291 1312 341 1343 vel
356 1312 435 1343 meis
451 1313 621 1355 assignatis
639 1339 645 1345 .
663 1313 761 1345 libere
782 1313 889 1355 quiete
911 1313 992 1345 bene
1015 1316 1047 1344 et
1068 1313 1103 1344 in
1126 1324 1202 1354 pace
1225 1313 1469 1354 imperpetuum.
1516 1311 1580 1344 Pro
1601 1311 1660 1344 ham

195 1383 304 1410 autem
323 1391 395 1411 mea
414 1381 588 1413 donaeione
611 1385 643 1413 et
666 1384 749 1413 carte
773 1392 842 1413 mee
866 1381 1106 1413 confirmacione
1131 1381 1287 1412 dederunt
1310 1380 1390 1411 mihi
1413 1379 1491 1411 dicti
1513 1378 1661 1411 monachi

196 1447 314 1489 viginti
330 1448 446 1480 solidos
461 1459 516 1490 pre.
539 1449 696 1481 manibus.
744 1449 787 1481 Et
811 1460 871 1492 ego
894 1449 1010 1480 DAvn)
1034 1451 1065 1481 et
1088 1448 1219 1480 heredes
1235 1448 1297 1479 mei
1313 1448 1414 1479 dictas
1435 1450 1536 1479 terras
1565 1447 1659 1480 dictis

197 1515 361 1547 monachis
383 1517 660 1549 warentizabimus
683 1520 714 1549 et
737 1518 947 1549 defendemus
969 1519 1079 1549 contra
1105 1528 1214 1548 omnes
1243 1516 1392 1547 mortales
1414 1516 1660 1558 imperpetuum.

199 1582 244 1614 Et
267 1586 303 1614 ut
326 1595 396 1615 mea
420 1584 549 1617 donatio
573 1589 603 1616 et
627 1587 712 1617 carte
735 1596 803 1617 mee
827 1585 1026 1617 confirmacio
1049 1584 1141 1616 firma
1164 1587 1194 1616 et
1223 1583 1346 1616 stabilis
1378 1586 1557 1625 perseveret
1587 1583 1662 1616 huic

199 1652 339 1693 presenti
354 1656 439 1684 carte
455 1664 523 1685 mee
539 1653 683 1696 sigillum
699 1665 808 1686 meum
818 1654 960 1696 apposui.
1007 1653 1084 1685 Hiis
1099 1652 1232 1684 testibus
1250 1678 1256 1684 .
1273 1652 1296 1684 J
1297 1663 1399 1684 ΔοοΒο
1411 1652 1450 1684 de
1463 1651 1641 1684 Romamn
1653 1678 1660 1684 .

200 1718 376 1751 WALTERO
399 1721 438 1752 de
461 1720 574 1753 BAam
593 1744 599 1751 .
616 1721 639 1753 J
641 1732 781 1753 OHANNE
798 1721 1035 1753 FRANKELEYN
1055 1746 1061 1752 .
1079 1720 1101 1753 J
1103 1731 1244 1752 omne
1260 1719 1458 1752 SPE-moon,
1474 1745 1480 1752 .
1497 1719 1663 1752 JOHANNR

201 1786 323 1819 Romu<
341 1813 347 1819 .
364 1792 396 1820 et
412 1789 523 1820 multis
538 1789 618 1821 aliis.

244 1854 326 1894 soal,
343 1856 423 1888 dark
439 1867 537 1898 green
553 1868 633 1895 wax,
652 1858 716 1899 {iu
733 1857 829 1889 diam.
878 1857 1006 1895 Device,
1023 1867 1042 1888 a
1057 1856 1171 1888 seeded
1187 1855 1387 1888 flem-de-lis.

246 1922 434 1965 Legend—‘
451 1929 480 1959 -1-
496 1925 519 1956 s'
545 1936 647 1956 DAVIT
670 1925 824 1957 smmum)

247 1991 466 2024 Endorsed——‘
482 1992 588 2025 David
604 1993 754 2035 Spuduxss
