1820 2548
1587 198 1650 230 909

225 355 415 398 injunxerat
444 366 543 397 quam
571 365 628 397 per
657 354 781 387 litteras
810 365 883 386 suas
913 354 1017 386 eidem
1050 355 1160 396 postea
1189 353 1397 385 mandaverat
1427 353 1513 395 quod
1542 353 1690 386 seisinam

226 424 442 467 predictarum
464 426 621 455 terrarum
645 424 677 455 et
699 424 955 454 tenementorum
976 434 1048 454 cum
1067 421 1269 465 pertinentiis
1291 422 1396 453 eidem
1415 421 1514 453 electo
1534 422 1690 462 redderet,

225 493 358 524 tandem
382 502 488 524 coram
510 491 578 533 ipso
601 490 730 523 domino
762 490 852 532 Rege
878 493 910 522 et
937 490 1066 522 consilio
1094 501 1150 522 suo
1174 490 1260 532 apud
1285 489 1633 522 WESTMONASTERIL'M
1656 490 1690 522 in

225 560 363 593 crastino
401 559 619 592 decollationis
657 558 766 591 Sancti
804 558 979 591 JOHANNIS
1006 559 1175 591 Bimsm
1206 569 1290 590 anno
1320 558 1413 600 regni
1442 558 1542 600 ipsius
1571 558 1693 590 domini

225 628 326 671 Regis
347 639 448 660 xxm.
473 627 618 670 prefatus
641 638 743 660 comes
767 627 878 659 audito
902 627 1018 670 scripto
1046 639 1102 659 suo
1126 638 1182 669 per
1203 627 1290 669 quod
1310 626 1434 668 prefato
1453 626 1584 658 domino
1606 626 1691 669 Regi

226 696 261 728 id
277 697 363 738 quod
377 695 491 728 habuit
506 696 541 727 in
557 695 763 728 advocatione
779 698 811 727 et
827 695 970 728 custodia
985 695 1120 736 predicti
1139 695 1337 737 episcopatus
1360 699 1501 736 tempore
1519 694 1693 727 vacationis

225 764 371 807 ejusdem
391 764 531 796 reddidit
552 767 590 796 ut
612 763 666 806 jus
684 775 787 804 suum,
812 766 845 796 et
865 764 961 796 etiam
982 766 1092 795 tenore
1113 763 1221 805 scripti
1241 774 1298 805 per
1327 763 1413 805 quod
1443 763 1592 795 dominus
1622 763 1694 795 Rex

226 836 335 876 postea
355 834 395 865 de
415 833 521 875 gratia
541 844 599 864 sua
617 832 746 875 speciali
765 833 916 864 concessit
935 832 1068 874 prefatis
1087 831 1196 864 comiti
1217 834 1248 863 et
1268 831 1291 863 J
1293 842 1435 863 OHANNE
1454 832 1694 864 advocationem

226 904 259 934 et
280 901 456 934 custodiam
478 901 614 943 predicti
635 900 834 943 episcopatus
856 901 897 932 ad
921 902 1021 932 totam
1044 900 1145 932 vitam
1168 900 1334 942 utriusque
1357 900 1499 942 ipsorum
1519 900 1643 932 comitis
1663 901 1695 932 et

225 969 248 1003 J
250 981 402 1010 οΗΑΝΝΕ,
433 969 619 1002 habendum
645 971 678 1001 et
701 969 878 1001 tenendum
905 969 945 1000 de
971 968 1040 1010 ipso
1067 967 1158 1010 Rege
1185 970 1215 999 et
1240 967 1411 999 heredibus
1443 967 1516 1007 suis,
1539 967 1586 999 ita
1610 967 1695 1010 quod

226 1041 297 1081 post
327 1039 490 1071 decessum
520 1038 695 1070 eorundem
725 1037 849 1070 comitis
879 1040 912 1069 et
941 1037 1107 1069 JOHANNE
1134 1036 1299 1068 advocatio
1326 1038 1359 1068 et
1388 1036 1531 1068 custodia
1559 1035 1693 1078 predicti

226 1107 426 1149 episcopatus
449 1107 576 1149 integre
602 1108 804 1138 revertantur
830 1106 891 1148 ipsi
918 1105 1048 1137 domino
1076 1104 1162 1147 Regi
1187 1107 1218 1136 et
1242 1104 1414 1136 heredibus
1436 1085 1501 1136 suis
1524 1103 1632 1145 quieta
1654 1104 1692 1136 de

224 1175 396 1207 heredibus
425 1175 567 1217 ipsorum
597 1175 722 1207 comitis
759 1177 791 1206 et
828 1174 850 1206 J
852 1185 993 1206 OHANNE
1020 1174 1266 1215 imperpetuum,
1305 1175 1336 1204 et
1363 1173 1451 1204 salva
1476 1173 1537 1214 ipsi
1564 1172 1694 1204 domino

225 1243 312 1287 Regi
337 1247 369 1276 et
399 1243 569 1275 heredibus
595 1243 661 1275 suis
684 1243 719 1275 in
745 1243 883 1285 singulis
907 1241 1125 1274 vacationibus
1151 1241 1286 1284 predicti
1312 1241 1510 1283 episcopatus
1539 1241 1694 1272 fidelitate

225 1312 327 1355 ipsius
350 1323 445 1355 quem
468 1312 503 1343 in
525 1312 705 1354 episcopum
731 1311 876 1354 ejusdem
897 1311 957 1343 loci
980 1310 1150 1353 contigerit
1170 1310 1361 1349 confirmari,
1384 1311 1480 1351 prout
1503 1309 1537 1341 in
1553 1309 1694 1351 predicto

224 1380 341 1423 scripto
365 1381 465 1423 ipsius
492 1380 615 1412 domini
640 1379 742 1422 Regis
769 1379 889 1411 eisdem
914 1379 1022 1411 comiti
1051 1381 1083 1411 et
1107 1378 1129 1411 J
1131 1389 1272 1410 OHANNE
1299 1378 1375 1410 inde
1400 1378 1543 1410 confecto
1567 1378 1693 1420 plenius

225 1449 416 1488 continetur,
451 1448 602 1481 concessit
630 1449 716 1490 quod
742 1448 890 1480 seisinam
919 1451 1076 1480 terrarum
1114 1449 1146 1479 et
1174 1449 1431 1479 tenementorum
1459 1457 1520 1488 que
1554 1448 1629 1478 sunt
1656 1446 1695 1478 de

223 1518 460 1560 temporalitate
475 1517 610 1560 predicti
626 1516 825 1559 episcopatus
841 1521 872 1548 et
885 1528 946 1558 que
961 1516 995 1548 in
1013 1515 1157 1548 custodia
1169 1526 1227 1546 sua
1242 1515 1375 1546 fuerunt
1390 1526 1446 1556 per
1462 1514 1693 1546 concessionem

224 1586 347 1619 domini
378 1585 480 1628 Regis
509 1585 644 1628 predicti
674 1585 815 1627 plenarie
846 1588 878 1617 et
907 1585 1033 1627 integ-re
1063 1583 1206 1626 predicto
1236 1583 1335 1616 electo
1365 1583 1479 1615 reddet
1509 1586 1541 1614 et
1577 1582 1692 1614 habere

222 1655 321 1688 faciat
336 1655 379 1687 ad
393 1655 584 1687 mandatum
599 1653 699 1696 ipsius
715 1653 837 1685 domini
862 1653 972 1696 Regis.

681 1721 732 1744 The
744 1724 797 1744 text
810 1721 882 1750 given
895 1721 926 1750 by
939 1721 1019 1743 Willis
1031 1721 1050 1742 is
1064 1727 1121 1750 very
1131 1722 1238 1748 corrupt.

841 1851 1075 1884 DOCXCVII.

222 1933 586 1968 CONFIRMA'PION
609 1933 673 1965 BY
700 1932 912 1966 EDWARD
936 1933 975 1972 1„
1004 1932 1062 1965 ΤΟ
1086 1932 1185 1965 ΤΗΕ
1212 1931 1298 1964 SEE
1322 1930 1382 1962 OF
1404 1929 1466 1962 ST.
1491 1929 1690 1969 DAVID'S,

507 1995 565 2027 OF
602 1994 821 2028 SEVERAL
854 1994 1146 2028 ADVOWSONS
1180 1993 1235 2026 IN
1269 1992 1451 2026 GOWER.

623 2063 755 2107 [Hm.
780 2063 874 2096 MSS.
903 2065 996 2102 1249,
1020 2063 1043 2095 f.
1069 2064 1120 2102 90,
1145 2075 1175 2105 p.
1202 2061 1292 2105 177.]

1136 2132 1156 2163 2
1172 2132 1258 2163 APR.
1306 2131 1347 2162 27
1364 2130 1460 2162 Enw.
1478 2129 1506 2161 I.
1555 2129 1647 2161 1299.

265 2202 460 2235 Enxvinnus
482 2201 546 2233 Dei
569 2200 674 2243 gratia
696 2200 769 2233 Rex
792 2200 939 2233 Ancum
955 2200 1116 2233 Dominus
1131 2200 1322 2232 HmssnxrAE
1343 2201 1376 2231 et
1391 2199 1470 2231 Dux
1486 2198 1693 2232 Aoummm

223 2270 371 2303 omnibus
386 2270 427 2302 ad
442 2280 521 2311 quos
536 2271 707 2311 praesentes
723 2268 823 2301 literae
840 2269 1044 2311 pervenerint
1059 2269 1205 2301 salutem.
