1820 2548
231 147 294 177 996

230 302 298 335 Nec
322 304 464 335 deceterc
490 304 664 335 multitudo
695 315 863 336 numerosa
886 303 1114 337 submoneatur
1138 306 1179 337 ad
1203 305 1344 348 aliquem
1368 306 1555 338 comitatum
1584 307 1646 339 nisi

187 370 219 402 in
235 371 358 403 casibus
374 371 616 404 rationabilibus
634 375 664 403 et
681 371 877 414 cogentibus.

229 438 285 471 Set
309 451 366 472 neo
390 441 601 472 communitas
624 441 727 483 patrie
751 443 991 473 summoneatur
1017 442 1059 473 ad
1084 442 1332 484 parliamentum
1358 444 1500 484 tempore
1525 442 1611 485 pacis
1636 467 1643 474 .

186 508 325 549 exceptis
342 508 406 540 illis
426 520 561 550 quorum
584 509 717 541 interest
737 520 831 541 causa
851 509 997 552 legitima
1017 510 1178 542 mediante
1195 510 1256 542 nisi
1271 510 1312 542 ob
1332 511 1494 552 presencia
1514 521 1645 553 persone

184 579 291 608 nostre
307 576 357 608 vel
372 588 428 619 per
443 588 643 609 communem
659 588 821 609 assensum
836 577 1008 609 liberorum
1023 577 1190 609 hominmn
1205 578 1240 610 in
1255 578 1359 620 patria
1374 578 1594 611 existenoium.

228 643 347 676 Nullus
369 648 511 687 preterea
527 646 561 677 in
576 645 720 687 partibus
735 645 886 687 predictis
901 645 1114 688 distringatur
1129 647 1243 678 amodo
1258 649 1314 678 aut
1330 646 1422 678 aliter
1437 646 1645 689 compellatur

184 713 300 745 servire
315 713 406 745 nobis
421 716 531 745 eontra
546 714 745 745 voluntatem
761 724 861 745 suam.

226 780 310 813 Item
338 781 484 813 volumus
508 784 539 813 et
564 782 764 814 concedimus
788 782 874 823 quod
898 782 988 814 nulla
1012 782 1139 824 loquela
1164 782 1199 813 in
1223 782 1309 814 dicto
1334 783 1488 814 comitatu
1517 783 1644 825 incepta

181 849 342 882 maliciose
364 850 575 892 adjournetur
597 851 637 882 ad
658 850 876 882 retartandam
900 850 966 892 (sic)
988 850 1147 882 accionem
1168 851 1306 892 petentis
1327 861 1383 882 seu
1405 851 1576 893 querentis,
1592 851 1643 883 vel

181 917 222 949 ad
245 928 418 959 gravamen
441 918 671 962 respondentis,
688 918 739 949 vel
761 917 972 957 defendentis,
988 918 1056 950 sine
1078 929 1207 950 assensu
1223 919 1428 960 antiquorum
1451 921 1642 951 sectatorum

181 985 258 1018 dicti
274 987 451 1025 comitatus,
468 989 524 1019 aut
540 986 682 1029 parcium
699 986 874 1018 voluntate.

224 1054 269 1086 Et
285 1055 369 1097 quod
385 1055 475 1087 nulla
490 1055 647 1087 districcio
663 1066 718 1086 seu
733 1054 877 1086 namium
892 1055 1005 1087 amodo
1021 1066 1060 1087 ex
1076 1066 1276 1097 quacumque
1292 1066 1386 1087 causa
1401 1056 1493 1097 capta
1507 1055 1643 1088 ducatui·

179 1123 220 1154 ad
242 1123 484 1165 imparcandum
500 1123 577 1155 alibi
593 1134 690 1164 quam
706 1123 792 1164 apud
808 1122 976 1154 Pmman
996 1122 1029 1165 [Ρ
1041 1123 1092 1155 vel
1106 1123 1208 1165 infra]
1227 1134 1358 1165 parcum
1373 1123 1413 1155 de
1435 1123 1559 1155 Bimoz.
1605 1124 1641 1156 Si

178 1194 286 1224 autem
315 1192 485 1234 contigerit
511 1191 733 1224 WALLENSEM
761 1202 982 1234 quemcunque
1009 1191 1193 1233 delinquere
1216 1191 1301 1223 infra
1326 1191 1446 1224 limites
1469 1192 1639 1224 comitatus

176 1260 384 1297 Asamum,
400 1260 486 1292 infra
502 1261 613 1292 eodem
628 1261 817 1302 respondeat
833 1258 1008 1291 comitatui.

219 1328 255 1361 Si
270 1331 377 1360 autem
393 1329 427 1360 in
449 1327 754 1366 Gmxmzcnoaxs,
771 1330 826 1360 aut
848 1327 1149 1365 COMBEDEUELEYS,
1166 1326 1217 1358 vel
1232 1327 1267 1358 in
1283 1327 1388 1359 eundo
1404 1329 1460 1359 aut
1475 1327 1637 1359 redeundo

177 1397 368 1439 quicumque
399 1396 585 1429 forisfecerit
615 1397 649 1428 in
679 1396 833 1428 comitatu
863 1395 1075 1433 ANGLIOANO,
1100 1397 1137 1426 ut
1163 1394 1325 1437 prefatum
1355 1398 1411 1435 est,
1439 1396 1636 1438 respondeat.

177 1464 223 1497 Et
237 1465 312 1496 inde
327 1476 384 1506 per
399 1464 684 1496 consideracionem
701 1463 869 1496 comitatus
884 1463 1029 1506 plenaria
1044 1463 1189 1494 exeoucio
1205 1463 1271 1494 fiat.

220 1533 255 1565 Si
281 1535 389 1565 autem
414 1534 582 1575 quisquam
608 1533 787 1575 appellatus
813 1534 869 1564 aut
892 1531 1055 1574 judicatus
1084 1531 1124 1563 de
1153 1531 1274 1562 felonia
1303 1531 1412 1571 fuerit,
1437 1531 1585 1563 volumus
1607 1534 1640 1563 et

177 1602 377 1634 concedimus
401 1602 486 1643 quod
510 1601 594 1634 bona
618 1601 717 1643 ipsius
743 1611 808 1632 non
838 1599 1063 1639 attachientur,
1088 1610 1252 1641 quousque
1280 1610 1374 1641 super
1400 1599 1485 1632 dicto
1508 1599 1639 1632 crimine

177 1669 392 1702 convincatur.

220 1738 291 1770 Nec
312 1737 404 1780 pueri
426 1737 460 1769 in
483 1737 627 1769 custodia
659 1739 768 1769 nostra
798 1737 942 1768 decetero
965 1735 1137 1768 existentes
1159 1735 1411 1778 disperagentur,
1435 1747 1539 1778 neque
1559 1739 1642 1768 terre

177 1807 228 1839 vel
254 1807 377 1844 domus,
405 1808 461 1837 aut
486 1817 536 1838 res
561 1805 622 1837 alie
650 1804 791 1847 quelibet
817 1804 991 1836 eorundem
1015 1815 1187 1846 puerorum
1211 1804 1360 1846 deinceps
1384 1806 1558 1844 vastentur,
1583 1805 1640 1836 aut

179 1875 393 1913 destruantur,
411 1878 458 1906 set
474 1874 561 1906 salvo
577 1873 807 1906 custodiantur.

220 1943 291 1975 Nec
312 1944 454 1975 decetero
477 1945 645 1975 sectatores
667 1941 820 1974 antedicti
835 1940 953 1973 alicubi
976 1940 1085 1983 jurare
1101 1941 1342 1983 compellantur,
1359 1940 1421 1973 nisi
1436 1940 1470 1972 in
1485 1940 1638 1979 attinotis,

179 2011 306 2054 magnis
332 2011 446 2050 assisis,
465 2013 497 2042 et
522 2022 594 2043 cum
616 2013 712 2042 testes
737 2010 771 2042 in
796 2009 900 2048 cartis,
928 2009 979 2041 vel
1005 2008 1129 2051 scriptis
1155 2008 1277 2040 fuerint
1304 2008 1472 2047 nominati,
1495 2019 1532 2040 eo
1554 2009 1640 2050 quod

179 2079 302 2121 judicia
316 2081 349 2111 et
364 2079 493 2111 recorda
508 2079 677 2111 comitatus
692 2078 827 2121 predicti
843 2078 974 2110 reddere
989 2080 1022 2109 et
1036 2077 1246 2119 pronunciare
1261 2079 1420 2109 tenentur.

223 2146 434 2180 Concedimus
461 2147 560 2179 eciam
583 2146 766 2178 hominibus
790 2145 906 2178 nostris
929 2145 1080 2188 predictis
1106 2145 1192 2187 quod
1215 2144 1313 2176 libere
1336 2145 1508 2186 depascant
1530 2154 1640 2176 omnes

180 2226 289 2258 porcos
304 2226 376 2247 suos
390 2215 425 2247 in
441 2214 588 2247 omnibus
602 2214 704 2247 boscis
718 2214 834 2246 nostris
849 2214 888 2245 de
909 2213 1106 2255 suprabosco,
1122 2215 1227 2254 preter
1242 2211 1371 2244 boscum
1387 2212 1425 2243 de
1441 2211 1638 2244 Pnannwnn

181 2283 300 2325 absque
315 2283 403 2315 omni
418 2284 580 2325 pannagio
596 2283 647 2314 vel
662 2282 770 2325 aliquo
787 2281 850 2314 alio
866 2282 981 2313 dando.
