1820 2548
274 178 338 208 826

275 334 393 365 Exitus
420 334 562 366 manerii.
609 333 653 366 Et
679 334 718 365 de
746 344 885 365 xxan-sx
904 336 991 365 111Jd.
1009 334 1142 376 receptis
1165 335 1205 366 de
1228 337 1359 376 pastura
1383 345 1525 366 cxxan.
1552 335 1631 367 aeris
1652 339 1686 367 et

231 400 365 432 dimidia
381 403 463 432 terre
479 401 598 432 inculte
613 400 732 432 ibidem
748 400 806 432 hoe
818 412 913 432 anno.
959 400 1092 433 Summa
1107 412 1245 433 xxxms.
1264 404 1351 433 111J1l.
1366 401 1512 434 Probata.
1552 401 1685 435 Summa

230 469 330 500 tocius
345 472 468 511 recepte
486 470 559 500 nvli.
580 479 661 500 mss.
681 471 754 500 md.

873 536 1044 569 EXPENSE.

273 605 503 646 Acquietancia
518 607 550 636 et
565 605 717 637 resolucio
734 605 886 636 redditus.
934 605 1027 637 Idem
1043 608 1205 647 computat
1221 606 1255 637 in
1271 606 1487 648 acquieiancia
1502 607 1646 638 redditus
1657 618 1683 639 J.

230 673 386 715 preposite
398 676 429 704 et
441 684 466 704 J.
480 673 624 704 messoris
635 673 721 714 apud
734 673 986 705 LANBLETHIAN
999 674 1040 705 ad
1051 674 1202 706 terminos
1214 674 1323 706 Sancti
1333 674 1355 706 J
1357 685 1506 706 OHANNIS
1518 674 1688 707 BApnsTE

228 744 260 773 et
287 740 402 772 Sancte
429 740 623 772 Mwffifflms
651 743 770 773 xvuatl.
819 741 863 773 Et
891 741 924 773 in
952 741 1080 773 redditu
1103 742 1239 774 resoluto
1262 742 1371 774 abbati
1394 745 1426 774 et
1448 743 1620 775 conventui
1646 743 1685 776 de

229 809 353 841 Numa
370 810 404 840 in
421 813 510 851 parte
527 809 695 841 solucionis
711 812 759 841 cli.
780 811 851 841 mli.
870 820 947 841 nm.
966 812 1030 841 1xd.
1048 811 1092 841 ob.
1109 821 1136 850 q.

272 877 388 909 Gustus
413 888 606 909 carucarum.
654 877 780 909 Ibidem
800 880 963 919 computat
984 878 1017 909 in
1040 889 1107 910 1111.
1124 878 1221 920 peciis
1242 878 1318 910 ferri
1335 879 1450 921 emptis
1465 891 1522 921 pro
1537 880 1686 911 emenda-

229 945 318 977 oiono
349 945 506 977 serrorum
539 957 576 977 ω.
610 957 792 977 caruem-iun
824 947 931 977 xxwd.
988 945 1033 978 Et
1063 946 1096 977 in
1127 946 1284 988 stipendio
1315 946 1398 979 fabri
1428 947 1627 979 emendantis
1656 950 1689 980 e‘c

227 1014 370 1045 acuentis
400 1014 485 1045 dieta
515 1013 599 1045 ferra
629 1025 685 1056 per
714 1014 796 1045 vioes
826 1019 919 1055 prout
951 1025 1074 1045 necesse
1104 1014 1202 1046 fuerit
1232 1015 1327 1047 simul
1359 1027 1431 1047 cum
1457 1015 1528 1047 aliis
1554 1016 1687 1048 minutis

227 1082 410 1114 necessariis
441 1082 556 1124 emptis
587 1083 626 1113 ad
657 1082 741 1113 idem
774 1092 828 1114 iss.
862 1084 960 1113 V11Jd.
1007 1082 1051 1113 Et
1076 1082 1110 1113 in
1136 1093 1174 1114 1J.
1203 1083 1292 1114 novis
1322 1084 1440 1115 carucis
1469 1083 1623 1116 faciendis
1649 1084 1689 1116 de

229 1150 400 1182 maeremio
416 1150 538 1182 domini
554 1150 594 1181 ad
610 1149 751 1181 tascham
770 1152 864 1181 vusd.
913 1149 1002 1182 Sum.
1019 1161 1064 1181 vs.
1082 1152 1141 1182 md.

274 1218 390 1250 Gustus
414 1221 608 1249 carectarum
631 1221 662 1249 et
688 1218 912 1259 plaustrorum.
960 1218 1005 1249 Et
1032 1218 1065 1249 in
1090 1229 1114 1250 J.
1140 1220 1209 1250 rota
1234 1222 1353 1251 carecto
1374 1219 1413 1250 de
1434 1221 1501 1251 toto
1521 1219 1689 1262 religanda

226 1297 298 1318 cum
329 1286 488 1318 veteribus
518 1285 630 1318 bendis
661 1286 756 1317 simul
788 1298 861 1318 cum
892 1286 1116 1318 emendacione
1147 1286 1278 1318 alterius
1303 1289 1371 1318 rote
1397 1286 1541 1329 ejusdem
1565 1289 1684 1320 carente

225 1357 258 1386 et
281 1365 353 1385 cum
376 1365 451 1385 an.
466 1354 581 1385 strakis
606 1354 813 1386 emendandis
837 1357 867 1385 et
892 1354 1083 1396 elongandis
1106 1365 1161 1395 pro
1186 1355 1296 1386 eadem
1323 1366 1394 1386 cum
1420 1354 1578 1396 stipendio
1602 1354 1686 1387 fabri

226 1433 294 1454 11J13.
356 1421 401 1453 Et
424 1422 458 1453 in
483 1433 571 1453 L111J.
596 1422 712 1464 grossis
736 1422 832 1454 clavis
855 1422 970 1464 emptis
993 1423 1034 1454 ad
1058 1422 1144 1454 idem
1168 1424 1264 1454 and.
1310 1422 1352 1454 In
1376 1423 1485 1454 eadem
1508 1425 1629 1454 carecta
1651 1424 1691 1455 de

226 1502 308 1522 novo
332 1491 457 1522 axanda
478 1495 508 1521 et
530 1491 729 1522 emendanda
752 1502 807 1532 per
827 1491 910 1522 vices
937 1493 997 1522 md.
1046 1490 1091 1522 Et
1108 1491 1141 1522 in
1159 1501 1234 1522 vna.
1251 1490 1357 1522 takkis
1372 1491 1486 1533 emptis
1501 1491 1542 1522 ad
1558 1492 1691 1523 eandem

229 1562 384 1591 carectum
409 1559 503 1590 simul
522 1570 594 1590 cum
616 1558 713 1591 clavis
732 1559 846 1600 emptis
871 1559 911 1590 ad
940 1558 1024 1590 idem
1049 1560 1099 1590 xd.
1157 1557 1198 1590 In
1223 1570 1248 1590 J.
1275 1558 1344 1600 pari
1371 1570 1526 1590 novarum
1552 1561 1693 1591 rotarum

231 1631 338 1669 empto
361 1628 402 1658 ad
425 1627 604 1668 plaustrum
626 1639 669 1659 vs,
717 1627 761 1658 Et
785 1627 819 1658 in
843 1627 961 1658 eisdem
984 1626 1061 1658 rotis
1077 1627 1116 1658 de
1132 1637 1213 1658 novo
1228 1626 1368 1669 ligandis
1383 1638 1453 1658 cum
1470 1630 1574 1659 vetere
1588 1627 1694 1660 banda

232 1695 327 1727 simul
343 1707 415 1726 cum
432 1706 514 1726 nova
529 1694 634 1727 benda
651 1697 757 1736 empta
773 1696 813 1727 ad
835 1694 921 1726 idem
940 1697 1031 1726 vad.
1079 1694 1123 1726 Et
1146 1694 1179 1726 in
1199 1705 1307 1726 xxxm.
1326 1695 1441 1736 grossis
1464 1695 1559 1727 clavis
1581 1695 1695 1737 emptis

233 1764 274 1796 ad
290 1764 375 1795 idem
397 1775 460 1795 una
477 1775 548 1794 cum
569 1763 726 1795 veteribus
742 1763 858 1795 strakis
874 1763 1084 1794 emendandis
1099 1764 1181 1793 xmd.
1227 1762 1274 1794 Et
1289 1763 1321 1794 in
1339 1773 1377 1794 1J.
1394 1763 1544 1805 plaustris
1558 1763 1598 1795 de
1612 1775 1697 1796 novo

235 1832 369 1865 axandis
392 1836 423 1863 et
446 1832 479 1863 in
503 1831 684 1873 corporibus
705 1832 878 1864 eorundem
899 1831 1084 1873 reparandis
1105 1834 1136 1862 et
1156 1831 1334 1863 reficiendis
1350 1834 1459 1863 contra
1480 1833 1693 1874 autumpnum

237 1903 328 1932 vazl.
376 1900 417 1932 In
439 1911 510 1931 xva.
526 1899 634 1932 cluttis
658 1912 713 1941 pro
737 1899 887 1942 plaustris
906 1904 936 1931 et
955 1910 1030 1931 vua.
1049 1899 1156 1931 cluttis
1170 1910 1227 1941 pro
1243 1899 1372 1931 carectis
1388 1910 1440 1931 ωδ.
1459 1902 1555 1931 vum.
1601 1899 1646 1932 Et
1661 1900 1695 1932 in

237 1979 281 2000 cc.
295 1968 391 2000 clavis
402 1968 517 2010 emptis
533 1979 588 2009 pro
602 1969 711 1999 codem
730 1970 817 1999 111Jd.
866 1967 907 1999 In
924 1979 997 2010 sepo
1010 1970 1043 1999 et
1058 1970 1155 1999 uncto
1166 1967 1281 2009 emptis
1292 1978 1349 2009 pro
1361 1967 1489 1999 carectis
1501 1971 1532 1998 et
1546 1967 1697 2009 plaustris

240 2039 330 2069 xvsd.
378 2036 509 2068 Summa
525 2047 641 2068 xvus-sz
659 2039 704 2068 Jtl.

284 2104 480 2136 Emendacio
501 2105 676 2136 domorum.
723 2104 816 2136 Idem
835 2106 997 2146 computat
1020 2104 1053 2135 in
1074 2114 1181 2135 musco
1202 2103 1379 2145 colligendo
1402 2114 1459 2144 pro
1474 2103 1697 2135 emendacione

241 2173 375 2215 grangie
390 2176 421 2204 et
437 2172 563 2203 boverie
579 2175 610 2204 et
626 2172 760 2204 aliarum
777 2173 943 2204 domorum
962 2171 996 2203 in
1015 2171 1102 2203 ouria
1120 2170 1175 2203 ubi
1194 2182 1317 2202 necesse
1338 2170 1402 2202 fuit
1420 2173 1502 2202 ΠΜ.
1549 2170 1591 2202 In
1609 2171 1698 2203 mille

242 2240 360 2283 tegulis
383 2240 498 2281 emptis
523 2240 564 2271 ad
590 2240 674 2271 idem
701 2251 754 2271 mx.
812 2239 853 2270 In
878 2239 1036 2281 stipendio
1062 2250 1087 2270 J.
1119 2238 1306 2280 tegulatoris
1336 2238 1535 2270 emendantis
1559 2238 1706 2271 defectus
