1820 2548
1555 173 1619 204 789

826 327 1035 362 DCCXXII.

247 403 512 436 EXCHANGE
544 403 603 435 OF
633 403 765 436 LAND
797 403 1039 436 BETWEEN
1070 403 1278 436 MARGAM
1310 402 1474 436 ABBEY
1503 403 1604 435 AND

672 466 840 498 PHILIP
870 466 933 498 DE
965 465 1182 499 CORNELI.

742 535 915 578 [MARGAM
944 534 1136 578 CHARTER]

239 610 396 642 Omnibus
408 609 550 642 CHRISTI
564 610 712 642 fidelibus
724 611 766 642 ad
777 622 856 652 quos
868 622 996 652 presens
1008 611 1160 652 scriptum
1172 610 1351 652 pervenerit
1365 635 1372 641 .
1386 610 1562 642 innotescat
1575 610 1661 651 quod

195 679 253 711 hee
268 682 314 711 est
330 679 498 711 conventio
513 679 597 710 inter
612 679 780 710 dominum
796 679 945 711 abbatem
961 683 992 711 et
1009 683 1200 711 conventum
1213 679 1252 711 de
1268 678 1421 710 MARGAN
1435 690 1473 710 ex
1490 682 1579 720 parte
1596 690 1661 710 una

187 751 220 779 et
243 747 443 780 Pmmpnn
459 749 498 780 de
515 747 666 780 CORNELI
681 759 720 779 ex
735 750 825 789 parte
841 748 941 780 altera
956 748 1102 779 videlicet
1118 748 1203 790 quod
1219 748 1296 780 dicti
1312 747 1409 780 abbas
1425 751 1457 779 et
1480 751 1654 779 conventus

194 820 413 848 concesserunt
442 817 665 858 prenominato
688 816 858 847 PHILIPPO
889 819 919 847 et
950 816 1120 848 heredibus
1150 817 1215 848 suis
1239 843 1245 848 .
1272 820 1424 858 perpetuo
1449 842 1454 847 .
1481 816 1661 847 habendam

193 888 295 917 totam
310 887 428 917 terram
444 896 534 917 suam
549 885 764 926 pertinentem
780 886 821 916 ad
837 885 1054 917 sanctuarium
1069 886 1188 927 capelle
1204 886 1243 917 de
1261 910 1400 917 .....
1418 885 1502 927 jacet
1518 896 1557 916 ex
1572 888 1662 926 parte

193 954 395 986 meridionali
418 954 512 996 juxta
535 958 654 985 terram
670 954 840 987 WALTEM
865 954 923 986 filii
949 955 1080 985 Asnmn
1107 980 1114 986 .
1138 957 1169 986 et
1191 955 1378 986 extenditur
1401 954 1435 985 in
1458 954 1662 995 longitudine

193 1034 294 1065 usque
318 1023 358 1055 ad
381 1024 486 1055 locum
508 1023 564 1065 qui
588 1023 704 1055 dicitur
727 1023 909 1055 Duonncm
934 1024 1029 1054 Acmz
1053 1034 1109 1064 pro
1132 1026 1286 1064 perpetua
1309 1021 1474 1054 excambia
1491 1046 1662 1053 ......

192 1091 287 1134 juxta
309 1095 428 1124 terram
443 1092 601 1124 dictorum
617 1092 742 1124 abbatis
759 1096 790 1124 et
814 1095 989 1124 conventus
1005 1092 1044 1123 de
1060 1091 1226 1123 MARGAN.
1273 1091 1318 1122 Et
1339 1090 1451 1132 incipit
1468 1101 1487 1121 a
1502 1094 1586 1122 terra
1603 1101 1664 1132 que

195 1160 313 1192 dicitur
335 1159 608 1192 TANGUSTELOND
625 1163 657 1192 et
673 1160 820 1192 extendit
836 1172 867 1192 se
883 1160 917 1192 in
940 1160 1143 1202 longitudine
1159 1160 1255 1202 juxta
1278 1171 1432 1202 magnam
1448 1159 1533 1191 viam
1559 1184 1565 1190 .
1592 1184 1598 1190 .
1625 1184 1631 1190 .
1658 1185 1664 1190 .

231 1254 237 1260 .
264 1254 270 1260 .
295 1239 618 1260 onanRDEscRorTn
642 1240 682 1260 ex
704 1232 795 1271 parte
817 1228 1027 1260 meridionali.
1077 1228 1184 1263 Quam
1200 1229 1330 1270 quidem
1354 1231 1472 1260 terram
1488 1227 1665 1269 sepedictus

197 1297 388 1329 PHILIPPUS
403 1300 435 1329 et
457 1297 587 1329 heredes
610 1297 680 1340 ejus
703 1298 869 1340 sepedictis
892 1297 1001 1330 abbati
1024 1300 1055 1330 et
1078 1298 1249 1329 conventui
1273 1298 1312 1329 de
1335 1297 1488 1328 MARGAN
1513 1297 1619 1338 quiete
1635 1301 1666 1327 et

197 1366 326 1408 pacifice
351 1391 589 1398 ........
615 1369 724 1398 contra
751 1377 860 1398 omnes
882 1366 1026 1398 homines
1049 1366 1312 1398 warantizabunt.
1371 1366 1416 1398 Et
1444 1366 1469 1397 si
1496 1364 1667 1407 contigerit

197 1435 392 1476 sepedictum
415 1434 616 1467 PHILIPPUM
635 1460 641 1466 .
660 1438 735 1467 ante
757 1446 890 1467 uxorein
913 1446 1004 1467 suam
1027 1435 1156 1467 nomine
1172 1435 1320 1467 AuABLE
1344 1434 1379 1466 in
1402 1434 1471 1465 fata
1493 1434 1664 1465 decedere.

197 1502 287 1535 heres
302 1504 516 1546 prenominati
536 1529 807 1536 .........
825 1515 921 1546 quam
937 1516 955 1535 a
972 1504 1064 1535 dictis
1080 1503 1194 1536 abbate
1210 1506 1242 1536 et
1258 1507 1418 1535 conventu
1431 1529 1437 1534 .
1452 1503 1485 1534 in
1503 1501 1665 1534 excambia

198 1572 318 1613 accepit
335 1598 341 1604 .
360 1572 411 1604 vel
426 1573 465 1603 de
488 1572 552 1604 alia
575 1584 632 1604 sua
654 1575 738 1604 terra
761 1584 833 1604 eam
855 1572 989 1604 dotabit.
1037 1572 1090 1604 Ita
1106 1573 1191 1614 quod
1214 1571 1292 1603 dicti
1315 1571 1412 1603 abbas
1436 1573 1467 1602 et
1491 1573 1665 1602 conventus

198 1642 316 1671 terram
332 1640 376 1671 eis
390 1640 622 1672 excambiatam
638 1645 791 1683 perpetuo
807 1641 1013 1683 possidebunt
1039 1666 1277 1672 ........
1303 1642 1335 1672 et
1350 1640 1485 1681 integre.
1532 1638 1577 1670 Et
1594 1649 1664 1670 eain

198 1708 265 1739 sine
282 1708 367 1739 omni
384 1709 633 1741 contradictione
649 1712 799 1751 poterunt
815 1710 1030 1752 qualicunque
1046 1709 1191 1741 clausura
1206 1709 1375 1740 voluerunt
1393 1708 1539 1739 claudere
1557 1732 1563 1738 .
1580 1709 1612 1738 et
1628 1710 1663 1738 ut

198 1776 360 1818 propriam
375 1777 409 1808 in
426 1777 574 1810 omnibus
591 1778 764 1810 meliorare.
812 1778 914 1810 Facta
929 1782 1035 1810 autem
1053 1778 1115 1810 fuit
1132 1777 1189 1810 hec
1206 1777 1373 1810 conventio
1391 1800 1662 1808 .........

201 1871 371 1877 ......
393 1845 506 1888 [cir]ca
522 1846 640 1879 festum
656 1846 765 1879 Sancti
782 1847 972 1879 BENEDICTI
990 1858 1050 1889 que
1074 1850 1111 1878 ut
1133 1846 1256 1879 stabilis
1279 1848 1312 1878 et
1333 1848 1403 1877 rata
1426 1846 1611 1886 permaneat
1630 1844 1663 1875 in

198 1916 388 1956 perpetuum
417 1939 422 1945 .
452 1913 547 1956 hujus
570 1915 679 1957 scripti
702 1916 916 1958 cirographati
942 1942 948 1948 .
977 1919 1082 1958 partes
1112 1918 1241 1948 mutuas
1268 1914 1367 1957 sigilli
1398 1914 1446 1945 sui
1469 1912 1664 1954 inpressione

197 1993 270 2023 pars
292 1986 406 2014 mutua
429 1982 598 2015 roboravit.
645 1983 722 2016 Hiis
744 1984 879 2016 testibus
904 2009 1176 2016 .........
1195 1983 1390 2016 WILLBLMO
1413 1982 1443 2013 le
1466 1981 1627 2013 FLEmNG
1655 2005 1661 2011 .

195 2050 365 2082 Pfflnri‘o
388 2051 427 2082 de
451 2050 619 2083 NERBERT
645 2078 650 2083 .
676 2057 707 2083 et
735 2052 910 2084 Mmmcm
938 2053 1036 2084 fratre
1063 2052 1134 2094 ejus
1159 2078 1164 2084 .
1190 2051 1354 2084 JOHANNE
1380 2051 1410 2082 le
1437 2049 1576 2082 Noums
1601 2074 1606 2080 .
1632 2051 1664 2080 et

198 2117 392 2151 wmamo
408 2120 504 2151 fratre
520 2119 591 2162 ejus
608 2145 614 2152 .
633 2120 759 2152 'raom
776 2120 921 2153 &amns
938 2146 944 2153 .
963 2125 994 2153 et
1010 2121 1090 2153 aliis.

240 2187 322 2227 Seal,
339 2188 420 2219 dark
436 2199 534 2230 green
550 2200 630 2228 wax,
650 2189 712 2221 lin.
730 2189 842 2228 diam„
859 2201 900 2222 an
917 2189 1116 2222 ornamentul
1131 2188 1322 2221 fleur-de-lis
1338 2199 1373 2219 or
1388 2187 1458 2228 lily.

391 2258 399 2273 ‘
418 2261 449 2292 -Ι-
478 2267 567 2288 SIGIL
592 2282 796 2289 .......
823 2268 936 2289 mem:
976 2257 1030 2289 n’:
1071 2283 1076 2289 .
1104 2283 1110 2289 .
1137 2282 1143 2289 .
1170 2283 1176 2288 .
1202 2267 1258 2288 nm
1285 2254 1475 2299 [conixum]

242 2323 321 2356 This
337 2324 417 2357 deed
433 2324 459 2357 is
474 2325 674 2367 extensively
689 2326 814 2358 stained
830 2326 894 2358 and
910 2325 965 2358 the
980 2325 1112 2368 writing
1127 2325 1288 2358 obseured.
