1820 2548
1531 192 1613 223 1119

184 351 365 383 manerium
392 353 424 383 et
449 350 616 383 advocacio
645 349 789 392 predicta
813 360 886 381 cum
913 347 1118 390 pertinenciis
1147 347 1274 390 integre
1297 347 1510 379 remanebunt
1532 348 1655 379 Auem

184 420 283 452 sorori
324 419 469 462 ejusdem
510 418 531 451 J
534 429 684 450 onANms
725 422 757 449 et
795 416 905 449 heredi
945 416 1086 448 masculo
1127 417 1167 447 de
1212 427 1340 457 corpore
1384 427 1441 448 suo
1482 418 1653 458 procreato.

186 488 379 521 Tenendum
411 489 450 520 de
481 486 670 530 capitalibus
707 486 846 518 dominis
883 485 970 517 feodi
1008 485 1095 517 iHius
1132 496 1189 527 per
1226 485 1369 527 predicta
1406 484 1537 516 servicia
1574 484 1655 516 sicut

185 557 365 599 predictum
389 559 436 588 est
458 556 693 598 inperpetuum.
740 554 786 586 Et
809 554 835 586 si
858 554 1025 596 contingat
1048 554 1134 595 quod
1156 553 1299 596 predicta
1320 553 1443 585 Amcm
1459 552 1572 585 obierit
1587 552 1656 584 sine

184 625 301 657 herede
331 625 470 657 masculo
501 625 541 656 de
572 635 699 666 corpore
730 634 787 655 suo
811 624 975 665 procreato
1005 625 1082 654 tunc
1112 624 1184 664 post
1215 622 1377 654 decessum
1406 621 1506 663 ipsius
1530 621 1654 653 Amcnz

186 695 367 737 predictum
404 694 583 726 manerium
620 694 653 724 et
690 692 857 724 advocacio
888 691 1030 734 predicta
1061 703 1133 723 oum
1163 691 1368 734 pertinenciis
1397 691 1522 733 integre
1552 701 1653 722 rema-

185 762 310 795 nebunt
336 763 474 795 SIBILLE
500 761 597 794 sorori
622 761 768 803 ejusdem
794 760 918 792 Auem
943 762 975 792 et
1001 759 1171 792 heredibus
1201 760 1350 792 masculis
1380 760 1419 791 de
1443 770 1571 801 corpore
1597 770 1655 790 suo

186 831 358 873 procreatis
378 831 555 863 tenendum
571 830 609 861 de
629 829 819 872 capitalibus
840 828 978 860 dominis
994 828 1081 860 feodi
1096 828 1185 860 illius
1200 839 1256 870 per
1271 828 1414 870 predicta
1430 827 1560 859 servicia
1575 827 1656 858 sicut

186 901 366 943 predictum
389 903 436 931 est
458 899 694 941 inperpetuum.
742 898 788 929 Et
811 909 870 940 ego
894 908 967 929 vero
992 897 1152 939 predictus
1168 896 1382 929 WILLELMUS
1398 899 1430 928 et
1445 896 1576 928 heredes
1592 897 1654 928 mei

184 968 463 1001 warantizabimus
478 968 598 1000 eisdem
613 967 743 999 domino
767 966 928 998 Ronmo
945 968 976 997 et
998 966 1122 998 BURGE
1139 967 1170 997 et
1185 965 1355 997 heredibus
1372 965 1436 997 suis
1452 965 1602 1006 predictis
1625 967 1657 996 et

186 1038 291 1070 eidem
306 1037 448 1079 predicto
462 1036 615 1068 RICARDO
628 1038 659 1067 et
671 1035 842 1067 heredibus
858 1035 923 1066 suis
938 1035 1088 1076 predictis
1100 1034 1126 1066 si
1142 1034 1303 1076 predictus
1316 1034 1465 1066 dominus
1478 1034 1659 1066 ROBERTUS

185 1106 300 1139 obierit
316 1106 383 1138 sine
398 1105 513 1137 herede
530 1106 569 1137 de
590 1116 718 1146 corpore
739 1104 839 1146 ipsius
858 1103 982 1135 Bmmss
1005 1105 1168 1146 procreato
1187 1128 1192 1135 .
1211 1104 1243 1134 et
1265 1102 1365 1135 eciam
1381 1103 1485 1134 eidem
1501 1102 1522 1134 J
1525 1113 1659 1134 onANm

186 1178 219 1208 et
244 1173 414 1207 heredibus
441 1173 505 1206 suis
531 1173 682 1215 predictis
707 1173 733 1204 si
757 1173 918 1215 predictus
947 1172 1121 1204 Rmmnns
1148 1171 1263 1203 obierit
1288 1170 1355 1202 sine
1378 1171 1494 1202 herede
1517 1171 1658 1202 masculo

187 1245 227 1276 de
249 1254 378 1285 corpore
400 1253 458 1274 suo
480 1244 644 1285 procreato
662 1267 668 1274 .
686 1243 718 1274 et
733 1241 833 1273 eciam
852 1241 957 1273 eidem
980 1240 1103 1272 Amen:
1128 1242 1159 1271 et
1181 1239 1352 1271 heredibus
1375 1239 1439 1271 suis
1462 1239 1612 1281 predictis
1634 1239 1661 1271 si

185 1312 347 1355 predictus
358 1311 381 1343 J
383 1322 542 1343 OHANNES
554 1310 669 1342 obierit
681 1310 748 1342 sine
763 1309 879 1341 herede
895 1309 1035 1340 masculo
1052 1309 1091 1340 de
1107 1319 1235 1350 corpore
1252 1319 1308 1340 suo
1320 1310 1484 1350 procreato
1499 1333 1504 1339 .
1519 1311 1551 1339 et
1561 1307 1660 1340 eciam

188 1381 292 1413 eidem
307 1379 446 1412 Summe
470 1382 502 1411 et
521 1378 693 1411 heredibus
713 1378 778 1410 suis
801 1377 952 1420 predictis
971 1377 997 1409 si
1020 1376 1162 1419 predicta
1185 1377 1309 1408 Amen
1325 1375 1438 1408 obierit
1461 1376 1528 1408 sine
1544 1375 1659 1407 herede

189 1449 330 1481 masculo
355 1449 394 1480 de
419 1459 547 1490 corpore
571 1459 628 1479 suo
655 1450 818 1489 procreato
844 1446 1023 1488 predictum
1054 1445 1233 1476 manerium
1259 1447 1291 1477 et
1317 1444 1561 1476 advocacionem
1588 1455 1658 1486 pre-

186 1518 306 1550 dictam
325 1528 397 1548 cum
420 1515 624 1558 pertinenciis
648 1516 729 1547 sicut
751 1515 931 1557 predictum
955 1518 1002 1546 est
1025 1517 1135 1545 contra
1158 1524 1268 1545 omnes
1290 1516 1402 1555 gentes
1417 1513 1653 1554 inperpetuum.

182 1586 229 1619 Et
257 1586 282 1618 si
307 1585 450 1628 predicta
473 1584 613 1617 SIBILLA
638 1583 752 1616 obierit
782 1584 851 1615 sine
877 1583 993 1615 herede
1023 1583 1164 1615 masculo
1192 1583 1232 1613 de
1259 1593 1387 1624 corpore
1412 1592 1468 1613 suo
1493 1584 1656 1623 procreato

185 1660 263 1688 tunc
285 1657 356 1697 post
379 1655 541 1686 decessum
568 1653 668 1695 ipsius
692 1652 830 1685 Susum:
858 1653 1037 1695 predictum
1060 1651 1241 1683 manerium
1265 1653 1296 1682 et
1318 1650 1486 1682 advocacio
1513 1650 1655 1692 predicta

185 1736 258 1757 oum
281 1723 488 1766 pertinenciis
510 1722 636 1764 integre
658 1721 871 1754 remanebunt
894 1721 987 1753 rectis
1010 1720 1180 1752 heredibus
1202 1719 1338 1762 predicti
1361 1719 1483 1751 domini
1499 1719 1653 1751 Romam

182 1794 222 1826 de
245 1792 382 1825 mems
406 1791 512 1833 quiete
536 1791 575 1822 de
598 1790 670 1822 aliis
691 1790 862 1822 heredibus
885 1791 1026 1832 ipsorum
1050 1789 1199 1821 chARm
1225 1814 1231 1819 .
1255 1788 1413 1821 JOHANNI
1439 1813 1445 1819 .
1470 1787 1593 1820 Auem
1620 1790 1652 1819 et

182 1861 331 1894 Smum.
379 1859 571 1892 Tenendum
589 1860 629 1891 de
648 1858 837 1901 oapitaiibus
861 1859 999 1891 dominis
1014 1858 1101 1890 feodi
1116 1858 1203 1890 iliius
1218 1869 1275 1900 per
1290 1857 1421 1889 servicia
1437 1868 1497 1898 que
1514 1857 1554 1888 ad
1570 1856 1653 1888 illud

182 1930 363 1963 manerium
386 1931 418 1961 et
441 1928 688 1960 advocacionem
702 1927 866 1970 pertinent
890 1927 923 1959 in
944 1929 1144 1969 perpetuum.
1192 1925 1234 1958 In
1255 1925 1349 1968 cujus
1369 1925 1415 1957 rei
1430 1925 1652 1957 testimonium

184 1998 323 2042 presenti
351 2000 435 2029 carte
462 1997 628 2029 indentate
655 1999 688 2028 et
713 1996 875 2039 duplicate
902 1996 1045 2039 sigillum
1073 2006 1180 2027 meum
1204 1997 1235 2026 et
1262 1994 1406 2036 sigilium
1430 1993 1507 2026 dicti
1530 1993 1651 2025 domini

183 2068 337 2100 Ronmzrl
365 2065 551 2098 alternatim
578 2067 654 2097 sunt
677 2065 823 2107 apposita
846 2068 877 2097 et
901 2065 943 2096 ad
968 2064 1124 2107 majorem
1151 2063 1401 2096 declaraoionem
1429 2062 1547 2094 futuris
1570 2064 1650 2093 tem-

183 2135 313 2180 poribus
335 2135 519 2167 faciendum
535 2134 627 2166 alteri
642 2133 728 2176 parti
748 2134 904 2176 presentis
925 2138 1010 2166 carte
1033 2145 1130 2176 penes
1148 2132 1249 2164 dictos
1270 2131 1438 2164 dominum
1460 2130 1651 2162 Ronmzrum

183 2208 216 2237 et
243 2204 394 2236 Bonam
425 2203 604 2235 remanenti
631 2203 738 2245 sigilla
772 2202 903 2234 testium
934 2201 1184 2244 subscriptorum
1211 2201 1330 2243 apponi
1354 2199 1530 2242 procuravi.
1577 2198 1655 2230 Hiis

181 2273 316 2306 testibus
345 2299 351 2305 .
378 2272 573 2305 WILLELMO
604 2271 643 2303 de
674 2270 823 2303 LAMARE
855 2272 893 2303 de
925 2270 1142 2302 LANGONYTH
1168 2296 1174 2302 .
1203 2269 1370 2302 JOHANNE
1401 2269 1441 2300 de
1472 2267 1620 2299 LAMARE
1647 2293 1652 2298 .
