1820 2548
254 167 316 198 882

209 322 331 355 domini
346 322 409 354 mei
425 349 430 354 .
446 322 486 354 R.
501 325 532 354 et
547 333 603 365 pro
619 322 785 355 animabus
801 322 841 355 3.
856 322 952 355 31100
967 349 973 355 .
987 323 1087 366 patris
1098 325 1130 355 et
1141 323 1252 355 matris
1263 335 1332 355 mee
1347 348 1352 355 .
1367 327 1399 355 et
1410 323 1664 365 predecessorum

209 402 353 422 meorum
371 416 376 422 .
394 391 554 432 quoddam
575 391 706 422 stallum
726 402 833 422 meum
853 391 937 423 inter
957 391 1049 423 stalla
1069 392 1109 423 de
1131 390 1371 434 Bmsromfflm]
1392 416 1398 423 .
1414 391 1496 422 fflud
1518 391 1667 423 videlicet

210 459 340 491 stallum
361 460 446 501 quod
465 458 613 490 dominus
633 470 722 491 meus
742 459 903 502 predictus
927 485 933 491 .
955 459 986 492 3
1003 485 1009 491 .
1028 463 1060 492 01
1075 471 1134 502 ego
1151 460 1262 492 ROYSA
1282 459 1409 502 proprio
1428 459 1540 491 catello
1560 460 1668 491 nostro

209 528 345 560 emimus
362 553 368 558 .
394 528 433 559 de
454 527 607 559 Hnooxm
631 528 670 559 de
692 527 892 559 MAKEMETE
910 552 917 560 .
935 531 967 559 et
988 531 1050 560 stat
1072 528 1156 560 inter
1178 528 1308 560 stallum
1330 528 1415 569 quod
1435 527 1499 559 fm't
1516 526 1667 559 Jommm

210 595 301 627 Rmu
320 621 325 626 .
343 598 376 627 et
396 595 480 627 inter
501 595 629 627 stallum
651 596 736 637 quod
755 607 862 627 meum
880 596 954 628 fuit.
1000 595 1198 628 Habendum
1219 599 1251 628 et
1272 596 1496 638 possidendum
1513 621 1519 627 .
1537 594 1670 637 prefatis

208 663 371 695 monachis
394 664 434 695 de
457 663 611 695 MARGAN
630 689 636 694 .
653 663 751 696 libere
774 668 807 695 et
829 664 935 706 quiete
958 664 992 696 in
1015 667 1205 707 perpetuum
1226 689 1232 695 .
1249 664 1331 696 nulli
1352 664 1428 696 inde
1448 663 1644 706 responsuris
1659 687 1666 694 .

209 732 270 764 nisi
294 734 422 763 tantum
447 732 486 764 de
512 732 638 764 servitio
662 732 763 775 regali
781 758 786 764 .
804 733 889 764 unde
914 733 1094 774 quicunque
1120 735 1331 764 memoratum
1352 732 1481 764 stallum
1502 731 1670 763 annuatim

207 799 329 832 tenebit
355 825 360 831 .
389 800 563 841 sepedictos
589 800 760 832 monachos
783 800 984 842 aoquietabit.
1033 800 1078 832 Et
1102 804 1138 832 ut
1162 801 1219 833 hec
1243 800 1373 833 donatio
1399 811 1471 832 mea
1494 799 1615 832 firmior
1636 801 1669 831 et

207 868 350 900 stabilior
378 867 452 911 [sit]
478 893 483 899 .
507 879 576 900 eam
604 869 743 910 presenti
768 875 854 900 carta
879 880 949 900 mea
973 880 1044 900 cum
1068 869 1167 911 sigilli
1188 869 1251 901 mei
1274 868 1452 900 munimine
1473 867 1666 900 confirmavi.

207 935 285 968 Hiis
300 936 444 968 testibus.

250 1004 452 1036 Entitled—‘
465 1004 562 1037 Carta
579 1005 657 1037 Rois
674 1005 770 1048 Ragg
785 1006 825 1037 de
841 1005 942 1037 Stano
959 1017 1022 1037 uno
1038 1007 1124 1048 apud
1140 1005 1400 1048 Bristoll[iam].'

809 1171 1069 1204 DCCLXXHI.

207 1251 447 1284 NICHOLAS
486 1251 550 1284 DE
588 1251 840 1284 SANDFORD
880 1251 1063 1285 GRANTS
1103 1252 1200 1284 THE
1239 1252 1408 1284 MANOR
1447 1251 1505 1284 OF
1531 1250 1670 1284 LEOK-

285 1319 417 1352 WITH
457 1319 514 1352 ΤΟ
554 1319 634 1352 HIS
672 1320 898 1352 BROTHER
936 1320 1193 1352 LAURENCE
1232 1320 1295 1352 DE
1334 1320 1596 1352 SANDFORD.

214 1400 413 1443 [TREASURY
437 1411 477 1431 01·
500 1412 568 1432 THE
591 1400 814 1435 Exfflmum.
861 1401 1016 1434 WALLM.
1066 1401 1141 1433 ΒΑΘ
1164 1402 1194 1432 2.
1241 1401 1328 1433 Now
1352 1401 1509 1433 ANCIENT
1531 1400 1669 1432 Dssssns:

722 1470 843 1501 SERIES
865 1469 907 1501 A.
954 1469 1017 1501 No.
1042 1469 1166 1512 4‚871.]
1553 1468 1630 1500 S.D.

255 1549 363 1581 Sciant
387 1553 548 1591 presentes
571 1552 602 1581 et
625 1549 727 1581 futuri
750 1550 836 1591 quod
858 1560 916 1592 ego
933 1549 1132 1581 NxcHOLAUs
1148 1550 1187 1581 de
1203 1549 1385 1581 SANDFORD
1402 1549 1476 1581 dedi
1491 1549 1626 1581 concessi
1642 1551 1675 1581 et

211 1617 271 1649 hae
293 1618 432 1659 presenti
455 1622 541 1649 carta
563 1628 633 1649 111οι1
656 1618 839 1649 confirmavi
863 1618 992 1650 domino
1014 1617 1215 1649 LAURENcm
1239 1619 1278 1649 de
1300 1617 1481 1649 Smmvonn
1497 1617 1590 1648 fratri
1604 1628 1675 1649 meo

212 1696 270 1726 pro
285 1685 434 1727 homagio
447 1689 477 1717 et
488 1685 618 1717 servicio
629 1696 685 1717 suo
697 1688 801 1717 totum
811 1686 989 1717 manerium
1001 1697 1108 1717 meum
1120 1686 1159 1717 de
1171 1684 1324 1719 LEchn
1337 1685 1371 1716 in
1387 1695 1674 1717 GLANMORGANCM

79 1749 131 1765 ⁶
214 1764 287 1784 eum
303 1753 450 1785 omnibus
465 1754 669 1795 pertinenciis
684 1755 725 1785 ad
741 1754 862 1785 dictum
883 1754 1061 1785 manerium
1085 1753 1318 1795 pertinentibus
1341 1754 1408 1785 sine
1431 1753 1538 1795 aliquo
1561 1753 1675 1785 retine-

216 1824 334 1860 mento,
348 1822 432 1863 quod
448 1822 578 1863 quidem
594 1822 772 1853 manerium
787 1821 884 1853 habui
901 1822 940 1853 de
956 1823 1039 1853 dono
1056 1821 1187 1853 Domini
1204 1821 1351 1853 Rumam
1368 1822 1407 1853 de
1423 1820 1537 1853 CLARE
1553 1820 1676 1853 comitis

216 1900 439 1920 GLOUCESTRIE
463 1892 494 1921 01
519 1889 755 1921 HERTFORDIE.
813 1889 1011 1922 Habendum
1035 1893 1066 1921 et
1089 1890 1264 1921 tenendum
1289 1889 1392 1921 eidem
1418 1888 1620 1920 LAURENOIO
1643 1891 1677 1921 et

215 1956 385 1989 heredibus
401 1957 465 1989 suis
482 1957 532 1988 vel
547 1957 611 1989 suis
633 1958 802 1999 assignatis
818 1958 856 1989 de
879 1958 1020 2000 predicto
1037 1958 1167 1989 domino
1183 1957 1337 1989 R1cARDo
1361 1958 1400 1988 de
1423 1956 1537 1988 CLARE
1561 1957 1674 1988 comite

218 2023 450 2056 Groucsssrnm
463 2028 495 2057 et
507 2025 734 2057 Banu-onum
747 2029 779 2058 et
788 2026 957 2058 heredibus
974 2026 1038 2058 suis
1049 2026 1147 2058 libere
1162 2026 1268 2067 quiete
1279 2025 1360 2057 bene
1373 2027 1404 2056 et
1416 2025 1450 2056 in
1463 2035 1537 2066 paee
1552 2024 1677 2067 integre

217 2095 249 2125 et
264 2092 454 2124 hereditarie
470 2093 551 2125 sicut
567 2104 626 2136 ego
641 2094 820 2135 predictum
835 2094 1014 2126 manerium
1026 2105 1098 2126 eum
1114 2093 1261 2125 omnibus
1272 2092 1477 2135 pertinenciis
1489 2092 1553 2123 suis
1565 2092 1678 2124 melius

217 2164 249 2192 et
275 2161 406 2192 liberius
429 2160 537 2202 aliquo
563 2163 704 2202 tempore
729 2162 817 2193 tenui
845 2166 876 2193 et
902 2162 982 2193 siout
1014 2161 1194 2193 continetur
1222 2160 1257 2192 in
1281 2162 1367 2192 carta
1397 2170 1493 2201 quam
1519 2159 1679 2201 predictus

215 2229 364 2261 dominus
377 2228 551 2260 3101111103
563 2230 602 2260 de
616 2229 729 2261 CLARP.
742 2240 844 2261 eomes
857 2229 1090 2261 Groncnsmm
1103 2232 1135 2261 et
1147 2228 1375 2261 Hssnwoann:
1389 2228 1428 2260 de
1439 2227 1524 2259 dieto
1535 2227 1677 2259 manerio
