1820 2548
188 175 251 206 974

149 330 292 373 specialis
316 331 355 362 de
378 330 485 372 aliqua
508 329 728 373 jurisdictione
750 330 851 373 regali
876 341 931 362 seu
954 331 1155 373 exempcione
1178 334 1260 363 secte
1281 332 1449 364 comitatus
1470 332 1604 375 predicti

149 398 273 441 prefato
296 398 490 432 W1LL1-:Lmo
511 398 698 430 antecessori
724 398 802 430 dicti
825 398 1011 431 Wummu
1034 411 1120 431 nunc
1142 400 1303 438 concessis,
1319 411 1391 431 cum
1414 401 1487 432 talis
1508 400 1604 442 juris-

150 467 234 499 dieto
249 467 366 510 regalis
387 467 432 498 ita
448 467 488 498 sit
505 478 616 498 corone
631 477 757 498 annexa
775 467 860 508 quod
875 467 992 509 absque
1016 468 1143 510 speciali
1158 467 1243 499 facto
1258 479 1323 500 non
1339 470 1442 510 potest
1457 479 1476 500 a
1491 479 1605 501 corona

150 535 289 577 separari
310 539 403 577 prout
426 535 570 577 superius
592 535 713 566 dictum
737 538 792 567 est.
840 535 988 568 Preterea
1007 536 1083 568 dicit
1099 547 1155 578 pro
1177 537 1305 568 domino
1326 536 1417 579 Rege
1432 537 1517 578 quod
1532 547 1606 569 cum

150 602 256 645 alique
280 602 442 635 libertates
465 602 588 645 regales
612 614 684 634 cum
709 606 794 634 ten-a
820 603 928 645 aliqua
954 603 1049 635 alicui
1075 615 1131 646 per
1155 606 1275 636 cartam
1301 607 1332 636 et
1358 604 1480 637 factum
1505 605 1606 648 Regis

150 673 373 710 concedantur,
400 674 431 703 et
456 674 540 703 terra
563 671 619 703 illa
644 682 716 702 cum
738 671 939 704 libertatibus
964 671 1028 704 illis
1051 674 1160 714 postea
1185 673 1226 704 ad
1249 684 1381 705 manum
1404 672 1504 715 Regis
1526 684 1603 716 qua-

150 751 283 782 cumque
300 740 339 771 de
360 751 453 771 eausa
471 739 643 778 devenerit,
660 740 744 781 quod
760 739 833 771 licet
853 739 924 772 Rex
943 743 1060 772 terram
1075 740 1164 772 illam
1186 740 1281 773 alicui
1296 743 1405 783 postea
1420 741 1606 774 concesserit

149 811 182 840 et
196 808 320 840 dederit
335 819 406 840 cum
422 807 486 839 suis
501 807 703 849 pertinenciis
726 807 793 839 sine
813 808 977 840 mencione
999 808 1146 840 facienda
1167 820 1311 851 expresse
1326 809 1365 840 de
1385 809 1607 851 jurisdictione

149 880 181 908 et
210 876 357 908 libertate
386 876 497 919 regali,
528 876 614 917 quod
646 875 808 908 libertates
837 876 969 919 regales,
997 886 1057 918 que
1087 887 1200 908 corone
1231 876 1334 919 Regie
1363 877 1451 919 prius
1477 878 1608 910 suerunt

150 945 346 987 pertinentes
368 947 400 977 et
422 944 471 976 illi
493 956 605 977 corone
628 947 788 976 retornate
810 947 842 976 et
863 955 1022 977 reannexe
1044 956 1108 976 non
1131 947 1282 987 poterunt
1305 956 1323 977 a
1346 956 1460 977 corona
1474 945 1531 977 ina
1551 957 1608 988 per

149 1013 228 1044 talia
251 1013 345 1044 verba
367 1012 530 1055 generalia
553 1015 561 1028 ⁴
575 1023 646 1044 cum
670 1011 893 1054 pertinentiis‚'
910 1014 967 1044 etc.
985 1012 1092 1054 aliquo
1114 1013 1209 1044 modo
1232 1012 1379 1055 separari.
1426 1012 1532 1045 Immo
1546 1012 1608 1055 ipsi

149 1092 261 1112 corone
284 1068 408 1123 integre
429 1082 595 1112 remanent
615 1080 677 1112 nisi
695 1080 858 1113 libertates
878 1080 933 1112 me
954 1080 1131 1122 specialiter
1149 1080 1271 1112 fuerint
1286 1091 1428 1113 concesse
1444 1081 1608 1113 nominate

149 1152 182 1180 et
196 1160 252 1191 per
267 1149 388 1180 factum
404 1148 538 1190 speciale
552 1159 707 1190 expresse,
723 1149 808 1180 unde
824 1159 896 1180 cum
912 1148 1015 1180 dictus
1030 1147 1243 1181 W1LLELMus
1258 1148 1338 1180 bene
1354 1148 1504 1191 cognovit
1520 1149 1606 1191 quod

150 1220 233 1249 terra
256 1217 397 1259 predicta
413 1228 484 1248 cum
502 1216 705 1258 pertinentiis
719 1216 785 1248 suis
799 1219 870 1258 post
885 1216 1033 1248 seisinam
1049 1218 1281 1249 antecessorum
1303 1216 1435 1249 Comitis
1454 1216 1606 1249 WARRE-

151 1295 241 1316 wmx
265 1285 319 1326 qui
340 1295 426 1316 nunc
445 1289 492 1315 est
513 1284 642 1315 devenit
660 1284 694 1315 in
717 1295 816 1315 manu
839 1284 960 1316 domini
980 1284 1001 1316 J
1004 1294 1152 1316 OHANNIS
1174 1284 1274 1326 Regis
1294 1284 1346 1316 avi
1366 1284 1488 1316 domini
1509 1284 1610 1326 Regis

151 1364 238 1384 nunc
262 1356 294 1384 et
320 1364 376 1394 per
396 1352 489 1394 cujus
515 1353 636 1384 donum
660 1354 692 1384 et
713 1352 942 1384 concessionem
964 1356 1073 1394 postea
1096 1354 1180 1384 terra
1205 1351 1262 1383 illa
1285 1352 1413 1384 devenit
1437 1352 1471 1384 in
1497 1362 1611 1385 manus

152 1423 385 1453 antecessorum
407 1420 542 1462 predicti
564 1419 762 1460 Wumnmn,
786 1423 817 1452 et
842 1431 899 1462 per
921 1422 1040 1452 cartam
1062 1420 1247 1462 predictam,
1275 1423 1307 1452 et
1336 1420 1370 1451 in
1395 1430 1459 1462 qua
1481 1420 1611 1462 quidem

153 1492 239 1521 carta
261 1489 352 1521 nulla
374 1489 411 1521 fit
433 1488 554 1520 mentio
575 1488 718 1530 specialis
739 1489 778 1520 de
800 1488 907 1529 aliqua
928 1487 1148 1530 jurisdictione
1172 1487 1289 1530 Regali
1311 1488 1453 1530 predicta
1468 1499 1522 1521 seu
1536 1488 1610 1528 alia,

154 1558 250 1600 peciit
265 1557 422 1599 judicium
438 1568 494 1599 pro
510 1556 651 1588 Domino
668 1556 758 1598 Rege
773 1555 900 1598 precise,
917 1559 974 1587 etc.

197 1626 322 1664 Postea,
346 1636 451 1657 coram
474 1625 542 1667 ipso
566 1624 707 1656 Domino
732 1624 833 1666 Rege,
860 1623 1010 1666 predictis
1033 1624 1161 1656 recordo
1187 1628 1219 1656 et
1244 1635 1390 1666 processu
1414 1624 1554 1657 recitatis
1580 1626 1612 1657 et

153 1693 352 1733 examinatis,
372 1693 445 1725 licet
467 1693 615 1725 dominus
639 1692 711 1724 Rex
733 1703 789 1735 per
810 1692 948 1735 rigorem
969 1691 1097 1734 justicie
1121 1692 1363 1734 quampluribus
1381 1695 1413 1725 et
1434 1692 1612 1735 majoribus

154 1763 194 1794 de
220 1761 352 1794 concilio
377 1772 433 1793 suo
463 1760 630 1793 videbatur
654 1761 695 1792 ad
719 1760 877 1802 judicium
901 1762 1011 1792 contra
1036 1760 1214 1802 predictum
1238 1760 1445 1793 WALTERUM
1471 1760 1505 1803 [P
1517 1760 1612 1794 Wu-

154 1829 313 1872 LELMUM]
338 1829 504 1872 procedere
526 1831 632 1871 posset
653 1828 749 1870 juxta
770 1828 906 1860 formam
929 1830 962 1860 et
983 1829 1115 1860 modum
1137 1828 1247 1870 placiti
1269 1829 1403 1870 predicti
1428 1830 1461 1860 et
1481 1839 1608 1861 consue-

154 1898 299 1930 tudinem
330 1897 414 1929 curie
440 1907 495 1929 sue
525 1898 558 1929 et
586 1896 706 1938 absque
732 1896 840 1938 aliqua
868 1896 1074 1938 inquisitione
1102 1907 1158 1938 per
1181 1897 1319 1939 patriam
1343 1896 1418 1928 inde
1449 1896 1611 1939 capienda.

154 1965 246 1998 Idem
269 1965 428 1997 Dominus
451 1965 522 1996 Rex
546 1967 654 1996 tamen
676 1965 715 1996 de
739 1964 844 2006 gratia
865 1975 923 1996 sua
944 1964 1071 2006 speciali
1094 1964 1205 1996 mitius
1225 1975 1296 1996 cum
1319 1964 1404 1996 dicto
1420 1964 1613 1997 Wummo

154 2044 248 2076 agere
272 2033 390 2072 volens,
417 2035 449 2064 et
478 2044 572 2075 super
601 2032 762 2074 premissis
790 2032 916 2074 plenius
946 2032 1106 2064 certiorari
1133 2034 1165 2064 et
1194 2033 1236 2064 ad
1265 2032 1455 2064 instanciam
1480 2032 1615 2075 predicti

153 2102 339 2135 Wumztm
377 2101 432 2142 qui
469 2112 502 2133 se
533 2111 627 2142 super
656 2100 816 2142 premissis
845 2101 879 2131 in
910 2100 1151 2142 inquisitionem
1184 2101 1286 2143 patrie
1315 2101 1421 2143 posuit
1451 2101 1552 2143 gratis
1581 2102 1613 2133 et

147 2170 390 2212 inquisitionem
404 2169 479 2200 inde
496 2168 564 2200 fieri
579 2168 682 2210 petiit,
699 2168 860 2207 concessit,
877 2170 910 2200 et
924 2168 1059 2210 precipit
1074 2169 1160 2210 quod
1181 2167 1228 2199 rei
1243 2167 1359 2200 veritas
1381 2167 1614 2209 jurisdictionis

148 2238 289 2280 predicte
325 2237 361 2269 in
394 2239 478 2269 terra
515 2236 658 2279 predicta
689 2236 805 2267 usitate
839 2238 906 2268 tam
940 2236 980 2268 de
1011 2238 1154 2278 tempore
1183 2237 1416 2268 antecessorum
1453 2234 1617 2267 Comitum
