<?xml version="1.0" encoding="UTF-8"?>
<!DOCTYPE html PUBLIC "-//W3C//DTD XHTML 1.0 Transitional//EN"
    "http://www.w3.org/TR/xhtml1/DTD/xhtml1-transitional.dtd">
<html xmlns="http://www.w3.org/1999/xhtml" xml:lang="en" lang="en">
 <head>
  <title>
</title>
<meta http-equiv="Content-Type" content="text/html;charset=utf-8" />
  <meta name='ocr-system' content='tesseract 3.04.00' />
  <meta name='ocr-capabilities' content='ocr_page ocr_carea ocr_par ocr_line ocrx_word'/>
</head>
<body>
  <div class='ocr_page' id='page_1' title='image "./cartaeetaliamuni03claruoft_0145.png"; bbox 0 0 1820 2548; ppageno 0'>
   <div class='ocr_carea' id='block_1_1' title="bbox 1474 167 1536 198">
    <p class='ocr_par' dir='ltr' id='par_1_1' title="bbox 1474 167 1536 198">
     <span class='ocr_line' id='line_1_1' title="bbox 1474 167 1536 198; baseline 0 0"><span class='ocrx_word' id='word_1_1' title='bbox 1474 167 1536 198; x_wconf 79' lang='lat'>847</span> 
     </span>
    </p>
   </div>
   <div class='ocr_carea' id='block_1_2' title="bbox 117 325 1585 1395">
    <p class='ocr_par' dir='ltr' id='par_1_2' title="bbox 117 325 1579 504">
     <span class='ocr_line' id='line_1_2' title="bbox 119 325 1579 368; baseline -0.001 -10"><span class='ocrx_word' id='word_1_2' title='bbox 119 337 201 358; x_wconf 78' lang='lat' dir='ltr'>smM</span> <span class='ocrx_word' id='word_1_3' title='bbox 225 327 279 368; x_wconf 92' lang='lat' dir='ltr'>qui</span> <span class='ocrx_word' id='word_1_4' title='bbox 302 326 426 357; x_wconf 82' lang='lat' dir='ltr'>nullam</span> <span class='ocrx_word' id='word_1_5' title='bbox 448 328 565 357; x_wconf 83' lang='lat' dir='ltr'>terram</span> <span class='ocrx_word' id='word_1_6' title='bbox 588 327 699 357; x_wconf 86' lang='lat' dir='ltr'>tenent</span> <span class='ocrx_word' id='word_1_7' title='bbox 721 329 753 357; x_wconf 86' lang='lat' dir='ltr'>et</span> <span class='ocrx_word' id='word_1_8' title='bbox 775 337 840 357; x_wconf 89' lang='lat' dir='ltr'>non</span> <span class='ocrx_word' id='word_1_9' title='bbox 862 325 934 367; x_wconf 88' lang='lat' dir='ltr'>plus</span> <span class='ocrx_word' id='word_1_10' title='bbox 957 325 1032 367; x_wconf 81' lang='lat' dir='ltr'>quia</span> <span class='ocrx_word' id='word_1_11' title='bbox 1054 325 1161 367; x_wconf 88' lang='lat' dir='ltr'>plures</span> <span class='ocrx_word' id='word_1_12' title='bbox 1183 325 1394 358; x_wconf 76' lang='lat' dir='ltr'>WALLENsEs</span> <span class='ocrx_word' id='word_1_13' title='bbox 1418 325 1579 358; x_wconf 76' lang='lat' dir='ltr'>interfecti</span> 
     </span>
     <span class='ocr_line' id='line_1_3' title="bbox 117 393 1576 437; baseline 0 -11"><span class='ocrx_word' id='word_1_14' title='bbox 117 393 249 427; x_wconf 76' lang='lat' dir='ltr'>fuerunt</span> <span class='ocrx_word' id='word_1_15' title='bbox 272 395 307 426; x_wconf 90' lang='lat' dir='ltr'>in</span> <span class='ocrx_word' id='word_1_16' title='bbox 329 406 445 437; x_wconf 79' lang='lat' dir='ltr'>guerra</span> <span class='ocrx_word' id='word_1_17' title='bbox 467 397 499 425; x_wconf 85' lang='lat' dir='ltr'>et</span> <span class='ocrx_word' id='word_1_18' title='bbox 520 394 628 435; x_wconf 81' lang='lat' dir='ltr'>plures</span> <span class='ocrx_word' id='word_1_19' title='bbox 650 398 844 426; x_wconf 88' lang='lat' dir='ltr'>recesserunt</span> <span class='ocrx_word' id='word_1_20' title='bbox 867 394 906 425; x_wconf 91' lang='lat' dir='ltr'>de</span> <span class='ocrx_word' id='word_1_21' title='bbox 929 393 1033 436; x_wconf 80' lang='lat' dir='ltr'>patria</span> <span class='ocrx_word' id='word_1_22' title='bbox 1055 405 1148 425; x_wconf 82' lang='lat' dir='ltr'>causa</span> <span class='ocrx_word' id='word_1_23' title='bbox 1170 405 1291 435; x_wconf 82' lang='lat' dir='ltr'>guerre.</span> <span class='ocrx_word' id='word_1_24' title='bbox 1342 393 1475 426; x_wconf 83' lang='lat' dir='ltr'>Summa</span> <span class='ocrx_word' id='word_1_25' title='bbox 1498 396 1576 426; x_wconf 80' lang='lat' dir='ltr'>xxli.</span> 
     </span>
     <span class='ocr_line' id='line_1_4' title="bbox 119 474 249 504; baseline -0.015 -9"><span class='ocrx_word' id='word_1_26' title='bbox 119 474 205 495; x_wconf 67' lang='lat' dir='ltr'>va-s.</span> <span class='ocrx_word' id='word_1_27' title='bbox 223 475 249 504; x_wconf 83' lang='lat' dir='ltr'>q.</span> 
     </span>
    </p>

    <p class='ocr_par' dir='ltr' id='par_1_3' title="bbox 119 530 1580 779">
     <span class='ocr_line' id='line_1_5' title="bbox 163 530 1578 572; baseline -0.001 -9"><span class='ocrx_word' id='word_1_28' title='bbox 163 531 281 563; x_wconf 84' lang='lat' dir='ltr'>Firme.</span> <span class='ocrx_word' id='word_1_29' title='bbox 327 531 373 563; x_wconf 85' lang='lat' dir='ltr'>Et</span> <span class='ocrx_word' id='word_1_30' title='bbox 391 532 430 563; x_wconf 91' lang='lat' dir='ltr'>de</span> <span class='ocrx_word' id='word_1_31' title='bbox 448 542 509 563; x_wconf 72' lang='lat' dir='ltr'>VJ-s.</span> <span class='ocrx_word' id='word_1_32' title='bbox 528 533 625 563; x_wconf 77' lang='lat' dir='ltr'>vmd.</span> <span class='ocrx_word' id='word_1_33' title='bbox 643 531 682 562; x_wconf 90' lang='lat' dir='ltr'>de</span> <span class='ocrx_word' id='word_1_34' title='bbox 698 530 789 562; x_wconf 82' lang='lat' dir='ltr'>firma</span> <span class='ocrx_word' id='word_1_35' title='bbox 809 531 940 572; x_wconf 80' lang='lat' dir='ltr'>piscarie</span> <span class='ocrx_word' id='word_1_36' title='bbox 956 542 1037 572; x_wconf 80' lang='lat' dir='ltr'>aque</span> <span class='ocrx_word' id='word_1_37' title='bbox 1052 531 1092 562; x_wconf 92' lang='lat' dir='ltr'>de</span> <span class='ocrx_word' id='word_1_38' title='bbox 1113 530 1208 562; x_wconf 70' lang='lat' dir='ltr'>TAAF</span> <span class='ocrx_word' id='word_1_39' title='bbox 1224 541 1280 572; x_wconf 88' lang='lat' dir='ltr'>per</span> <span class='ocrx_word' id='word_1_40' title='bbox 1295 530 1380 562; x_wconf 88' lang='lat' dir='ltr'>idem</span> <span class='ocrx_word' id='word_1_41' title='bbox 1395 533 1522 572; x_wconf 88' lang='lat' dir='ltr'>tempus</span> <span class='ocrx_word' id='word_1_42' title='bbox 1537 531 1578 562; x_wconf 85' lang='lat' dir='ltr'>ad</span> 
     </span>
     <span class='ocr_line' id='line_1_6' title="bbox 120 597 1578 640; baseline -0.001 -8"><span class='ocrx_word' id='word_1_43' title='bbox 120 600 200 632; x_wconf 90' lang='lat' dir='ltr'>duos</span> <span class='ocrx_word' id='word_1_44' title='bbox 221 599 382 631; x_wconf 88' lang='lat' dir='ltr'>terminos.</span> <span class='ocrx_word' id='word_1_45' title='bbox 429 599 479 631; x_wconf 92' lang='lat' dir='ltr'>De</span> <span class='ocrx_word' id='word_1_46' title='bbox 504 599 688 631; x_wconf 90' lang='lat' dir='ltr'>molendino</span> <span class='ocrx_word' id='word_1_47' title='bbox 713 599 753 630; x_wconf 87' lang='lat' dir='ltr'>de</span> <span class='ocrx_word' id='word_1_48' title='bbox 775 597 1004 630; x_wconf 70' lang='lat' dir='ltr'>LAvammN</span> <span class='ocrx_word' id='word_1_49' title='bbox 1027 598 1127 630; x_wconf 83' lang='lat' dir='ltr'>nichil</span> <span class='ocrx_word' id='word_1_50' title='bbox 1150 599 1226 640; x_wconf 83' lang='lat' dir='ltr'>quie.</span> <span class='ocrx_word' id='word_1_51' title='bbox 1248 598 1449 631; x_wconf 86' lang='lat' dir='ltr'>combustum</span> <span class='ocrx_word' id='word_1_52' title='bbox 1471 601 1502 630; x_wconf 87' lang='lat' dir='ltr'>et</span> <span class='ocrx_word' id='word_1_53' title='bbox 1525 600 1578 631; x_wconf 91' lang='lat' dir='ltr'>de-</span> 
     </span>
     <span class='ocr_line' id='line_1_7' title="bbox 119 666 1580 710; baseline -0.001 -10"><span class='ocrx_word' id='word_1_54' title='bbox 119 671 274 701; x_wconf 88' lang='lat' dir='ltr'>structum</span> <span class='ocrx_word' id='word_1_55' title='bbox 296 668 359 700; x_wconf 81' lang='lat' dir='ltr'>fuit</span> <span class='ocrx_word' id='word_1_56' title='bbox 382 668 417 699; x_wconf 88' lang='lat' dir='ltr'>in</span> <span class='ocrx_word' id='word_1_57' title='bbox 443 679 567 710; x_wconf 52' lang='lat' dir='ltr'>gierra.</span> <span class='ocrx_word' id='word_1_58' title='bbox 614 667 666 699; x_wconf 91' lang='lat' dir='ltr'>De</span> <span class='ocrx_word' id='word_1_59' title='bbox 691 667 782 699; x_wconf 79' lang='lat' dir='ltr'>firma</span> <span class='ocrx_word' id='word_1_60' title='bbox 805 667 891 698; x_wconf 87' lang='lat' dir='ltr'>mine</span> <span class='ocrx_word' id='word_1_61' title='bbox 916 667 1089 699; x_wconf 78' lang='lat' dir='ltr'>carbonum</span> <span class='ocrx_word' id='word_1_62' title='bbox 1111 666 1231 699; x_wconf 81' lang='lat' dir='ltr'>ibidem</span> <span class='ocrx_word' id='word_1_63' title='bbox 1250 667 1349 699; x_wconf 77' lang='lat' dir='ltr'>nichil</span> <span class='ocrx_word' id='word_1_64' title='bbox 1372 679 1429 710; x_wconf 87' lang='lat' dir='ltr'>pro</span> <span class='ocrx_word' id='word_1_65' title='bbox 1452 667 1580 700; x_wconf 81' lang='lat' dir='ltr'>defectu</span> 
     </span>
     <span class='ocr_line' id='line_1_8' title="bbox 119 735 958 779; baseline -0.002 -10"><span class='ocrx_word' id='word_1_66' title='bbox 119 737 334 779; x_wconf 76' lang='lat' dir='ltr'>operariorum</span> <span class='ocrx_word' id='word_1_67' title='bbox 350 748 444 768; x_wconf 81' lang='lat' dir='ltr'>causa</span> <span class='ocrx_word' id='word_1_68' title='bbox 459 747 582 779; x_wconf 85' lang='lat' dir='ltr'>guerre.</span> <span class='ocrx_word' id='word_1_69' title='bbox 629 735 763 768; x_wconf 79' lang='lat' dir='ltr'>Summa</span> <span class='ocrx_word' id='word_1_70' title='bbox 781 746 843 767; x_wconf 68' lang='lat' dir='ltr'>VJx.</span> <span class='ocrx_word' id='word_1_71' title='bbox 863 738 958 767; x_wconf 78' lang='lat' dir='ltr'>and.</span> 
     </span>
    </p>

    <p class='ocr_par' dir='ltr' id='par_1_4' title="bbox 117 803 1585 1395">
     <span class='ocr_line' id='line_1_9' title="bbox 161 803 1580 845; baseline -0.001 -9"><span class='ocrx_word' id='word_1_72' title='bbox 161 804 280 836; x_wconf 80' lang='lat' dir='ltr'>Exitus</span> <span class='ocrx_word' id='word_1_73' title='bbox 302 804 436 836; x_wconf 82' lang='lat' dir='ltr'>manerii</span> <span class='ocrx_word' id='word_1_74' title='bbox 457 807 488 836; x_wconf 88' lang='lat' dir='ltr'>et</span> <span class='ocrx_word' id='word_1_75' title='bbox 508 804 634 836; x_wconf 80' lang='lat' dir='ltr'>foreste.</span> <span class='ocrx_word' id='word_1_76' title='bbox 681 803 726 835; x_wconf 86' lang='lat' dir='ltr'>Et</span> <span class='ocrx_word' id='word_1_77' title='bbox 749 804 788 835; x_wconf 90' lang='lat' dir='ltr'>de</span> <span class='ocrx_word' id='word_1_78' title='bbox 812 815 856 835; x_wconf 66' lang='lat' dir='ltr'>vs.</span> <span class='ocrx_word' id='word_1_79' title='bbox 884 806 947 835; x_wconf 73' lang='lat' dir='ltr'>vul.</span> <span class='ocrx_word' id='word_1_80' title='bbox 973 803 1106 845; x_wconf 78' lang='lat' dir='ltr'>receptis</span> <span class='ocrx_word' id='word_1_81' title='bbox 1127 804 1166 835; x_wconf 90' lang='lat' dir='ltr'>de</span> <span class='ocrx_word' id='word_1_82' title='bbox 1187 806 1316 845; x_wconf 76' lang='lat' dir='ltr'>pastura</span> <span class='ocrx_word' id='word_1_83' title='bbox 1340 814 1411 835; x_wconf 67' lang='lat' dir='ltr'>xm.</span> <span class='ocrx_word' id='word_1_84' title='bbox 1436 815 1580 835; x_wconf 78' lang='lat' dir='ltr'>acrarum</span> 
     </span>
     <span class='ocr_line' id='line_1_10' title="bbox 118 872 1581 914; baseline -0.001 -9"><span class='ocrx_word' id='word_1_85' title='bbox 118 873 251 906; x_wconf 75' lang='lat' dir='ltr'>dimidie</span> <span class='ocrx_word' id='word_1_86' title='bbox 266 877 297 905; x_wconf 89' lang='lat' dir='ltr'>et</span> <span class='ocrx_word' id='word_1_87' title='bbox 312 884 338 905; x_wconf 83' lang='lat' dir='ltr'>J.</span> <span class='ocrx_word' id='word_1_88' title='bbox 350 873 425 905; x_wconf 89' lang='lat' dir='ltr'>rode</span> <span class='ocrx_word' id='word_1_89' title='bbox 440 875 522 905; x_wconf 86' lang='lat' dir='ltr'>terre</span> <span class='ocrx_word' id='word_1_90' title='bbox 534 873 664 904; x_wconf 85' lang='lat' dir='ltr'>vendita</span> <span class='ocrx_word' id='word_1_91' title='bbox 677 873 762 914; x_wconf 79' lang='lat' dir='ltr'>apud</span> <span class='ocrx_word' id='word_1_92' title='bbox 778 872 1015 904; x_wconf 59' lang='lat' dir='ltr'>mevssnorz.</span> <span class='ocrx_word' id='word_1_93' title='bbox 1062 872 1107 904; x_wconf 89' lang='lat' dir='ltr'>Et</span> <span class='ocrx_word' id='word_1_94' title='bbox 1123 873 1162 904; x_wconf 89' lang='lat' dir='ltr'>de</span> <span class='ocrx_word' id='word_1_95' title='bbox 1178 883 1238 904; x_wconf 60' lang='lat' dir='ltr'>lxx.</span> <span class='ocrx_word' id='word_1_96' title='bbox 1252 873 1386 914; x_wconf 80' lang='lat' dir='ltr'>receptis</span> <span class='ocrx_word' id='word_1_97' title='bbox 1402 873 1441 904; x_wconf 91' lang='lat' dir='ltr'>de</span> <span class='ocrx_word' id='word_1_98' title='bbox 1451 875 1581 914; x_wconf 81' lang='lat' dir='ltr'>pastura</span> 
     </span>
     <span class='ocr_line' id='line_1_11' title="bbox 119 941 1583 983; baseline -0.001 -9"><span class='ocrx_word' id='word_1_99' title='bbox 119 943 158 975; x_wconf 90' lang='lat' dir='ltr'>de</span> <span class='ocrx_word' id='word_1_100' title='bbox 182 942 441 974; x_wconf 59' lang='lat' dir='ltr'>Tmumrom</span> <span class='ocrx_word' id='word_1_101' title='bbox 465 941 596 973; x_wconf 77' lang='lat' dir='ltr'>vendita</span> <span class='ocrx_word' id='word_1_102' title='bbox 618 953 674 983; x_wconf 86' lang='lat' dir='ltr'>per</span> <span class='ocrx_word' id='word_1_103' title='bbox 697 941 784 972; x_wconf 91' lang='lat' dir='ltr'>idem</span> <span class='ocrx_word' id='word_1_104' title='bbox 805 943 931 983; x_wconf 87' lang='lat' dir='ltr'>tempus</span> <span class='ocrx_word' id='word_1_105' title='bbox 954 943 985 972; x_wconf 90' lang='lat' dir='ltr'>et</span> <span class='ocrx_word' id='word_1_106' title='bbox 1007 952 1073 972; x_wconf 90' lang='lat' dir='ltr'>non</span> <span class='ocrx_word' id='word_1_107' title='bbox 1095 941 1168 983; x_wconf 85' lang='lat' dir='ltr'>plus</span> <span class='ocrx_word' id='word_1_108' title='bbox 1191 952 1284 973; x_wconf 80' lang='lat' dir='ltr'>causa</span> <span class='ocrx_word' id='word_1_109' title='bbox 1306 952 1429 983; x_wconf 85' lang='lat' dir='ltr'>guerre.</span> <span class='ocrx_word' id='word_1_110' title='bbox 1476 941 1521 972; x_wconf 85' lang='lat' dir='ltr'>Et</span> <span class='ocrx_word' id='word_1_111' title='bbox 1545 942 1583 973; x_wconf 89' lang='lat' dir='ltr'>de</span> 
     </span>
     <span class='ocr_line' id='line_1_12' title="bbox 120 1009 1583 1052; baseline -0.001 -9"><span class='ocrx_word' id='word_1_112' title='bbox 120 1022 206 1043; x_wconf 67' lang='lat' dir='ltr'>xx‘J-s.</span> <span class='ocrx_word' id='word_1_113' title='bbox 225 1013 312 1042; x_wconf 75' lang='lat' dir='ltr'>und.</span> <span class='ocrx_word' id='word_1_114' title='bbox 345 1010 480 1052; x_wconf 81' lang='lat' dir='ltr'>receptis</span> <span class='ocrx_word' id='word_1_115' title='bbox 503 1011 542 1042; x_wconf 92' lang='lat' dir='ltr'>de</span> <span class='ocrx_word' id='word_1_116' title='bbox 566 1010 698 1041; x_wconf 85' lang='lat' dir='ltr'>diversis</span> <span class='ocrx_word' id='word_1_117' title='bbox 722 1009 874 1051; x_wconf 82' lang='lat' dir='ltr'>operariis</span> <span class='ocrx_word' id='word_1_118' title='bbox 889 1009 1094 1051; x_wconf 77' lang='lat' dir='ltr'>operantibus</span> <span class='ocrx_word' id='word_1_119' title='bbox 1109 1020 1204 1051; x_wconf 88' lang='lat' dir='ltr'>super</span> <span class='ocrx_word' id='word_1_120' title='bbox 1219 1012 1382 1041; x_wconf 85' lang='lat' dir='ltr'>mortuum</span> <span class='ocrx_word' id='word_1_121' title='bbox 1399 1009 1527 1041; x_wconf 85' lang='lat' dir='ltr'>boscum</span> <span class='ocrx_word' id='word_1_122' title='bbox 1549 1010 1583 1042; x_wconf 83' lang='lat' dir='ltr'>in</span> 
     </span>
     <span class='ocr_line' id='line_1_13' title="bbox 118 1077 1585 1119; baseline -0.001 -8"><span class='ocrx_word' id='word_1_123' title='bbox 118 1079 246 1112; x_wconf 78' lang='lat' dir='ltr'>foresta.</span> <span class='ocrx_word' id='word_1_124' title='bbox 293 1078 337 1110; x_wconf 87' lang='lat' dir='ltr'>Et</span> <span class='ocrx_word' id='word_1_125' title='bbox 361 1079 400 1110; x_wconf 90' lang='lat' dir='ltr'>de</span> <span class='ocrx_word' id='word_1_126' title='bbox 427 1080 518 1110; x_wconf 43' lang='lat' dir='ltr'>xxv-Id.</span> <span class='ocrx_word' id='word_1_127' title='bbox 544 1078 584 1110; x_wconf 89' lang='lat' dir='ltr'>de</span> <span class='ocrx_word' id='word_1_128' title='bbox 607 1089 675 1109; x_wconf 86' lang='lat' dir='ltr'>111J.</span> <span class='ocrx_word' id='word_1_129' title='bbox 692 1077 875 1109; x_wconf 82' lang='lat' dir='ltr'>hominibus</span> <span class='ocrx_word' id='word_1_130' title='bbox 899 1077 1103 1119; x_wconf 75' lang='lat' dir='ltr'>operantibus</span> <span class='ocrx_word' id='word_1_131' title='bbox 1126 1077 1219 1109; x_wconf 80' lang='lat' dir='ltr'>cist-as</span> <span class='ocrx_word' id='word_1_132' title='bbox 1242 1077 1276 1109; x_wconf 90' lang='lat' dir='ltr'>in</span> <span class='ocrx_word' id='word_1_133' title='bbox 1301 1077 1430 1109; x_wconf 82' lang='lat' dir='ltr'>foresta.</span> <span class='ocrx_word' id='word_1_134' title='bbox 1478 1077 1523 1109; x_wconf 87' lang='lat' dir='ltr'>Et</span> <span class='ocrx_word' id='word_1_135' title='bbox 1546 1078 1585 1109; x_wconf 91' lang='lat' dir='ltr'>de</span> 
     </span>
     <span class='ocr_line' id='line_1_14' title="bbox 119 1146 1584 1189; baseline -0.001 -10"><span class='ocrx_word' id='word_1_136' title='bbox 119 1150 202 1180; x_wconf 77' lang='lat' dir='ltr'>xmd.</span> <span class='ocrx_word' id='word_1_137' title='bbox 216 1147 348 1189; x_wconf 82' lang='lat' dir='ltr'>receptis</span> <span class='ocrx_word' id='word_1_138' title='bbox 364 1148 403 1178; x_wconf 85' lang='lat' dir='ltr'>de</span> <span class='ocrx_word' id='word_1_139' title='bbox 418 1158 443 1178; x_wconf 82' lang='lat' dir='ltr'>J.</span> <span class='ocrx_word' id='word_1_140' title='bbox 458 1149 618 1178; x_wconf 78' lang='lat' dir='ltr'>tomatore</span> <span class='ocrx_word' id='word_1_141' title='bbox 634 1150 784 1188; x_wconf 82' lang='lat' dir='ltr'>operante</span> <span class='ocrx_word' id='word_1_142' title='bbox 805 1146 923 1178; x_wconf 88' lang='lat' dir='ltr'>ibidem</span> <span class='ocrx_word' id='word_1_143' title='bbox 940 1158 996 1188; x_wconf 89' lang='lat' dir='ltr'>per</span> <span class='ocrx_word' id='word_1_144' title='bbox 1010 1146 1096 1178; x_wconf 90' lang='lat' dir='ltr'>idem</span> <span class='ocrx_word' id='word_1_145' title='bbox 1111 1148 1245 1188; x_wconf 86' lang='lat' dir='ltr'>tempus.</span> <span class='ocrx_word' id='word_1_146' title='bbox 1293 1146 1339 1177; x_wconf 89' lang='lat' dir='ltr'>Et</span> <span class='ocrx_word' id='word_1_147' title='bbox 1355 1147 1393 1177; x_wconf 91' lang='lat' dir='ltr'>de</span> <span class='ocrx_word' id='word_1_148' title='bbox 1409 1157 1471 1178; x_wconf 62' lang='lat' dir='ltr'>we.</span> <span class='ocrx_word' id='word_1_149' title='bbox 1488 1149 1584 1178; x_wconf 77' lang='lat' dir='ltr'>and.</span> 
     </span>
     <span class='ocr_line' id='line_1_15' title="bbox 119 1213 1584 1258; baseline -0.001 -10"><span class='ocrx_word' id='word_1_150' title='bbox 119 1216 252 1258; x_wconf 78' lang='lat' dir='ltr'>receptis</span> <span class='ocrx_word' id='word_1_151' title='bbox 271 1217 309 1247; x_wconf 85' lang='lat' dir='ltr'>de</span> <span class='ocrx_word' id='word_1_152' title='bbox 326 1215 457 1247; x_wconf 86' lang='lat' dir='ltr'>diversis</span> <span class='ocrx_word' id='word_1_153' title='bbox 473 1215 619 1257; x_wconf 79' lang='lat' dir='ltr'>cariagiis</span> <span class='ocrx_word' id='word_1_154' title='bbox 635 1215 754 1246; x_wconf 91' lang='lat' dir='ltr'>mortui</span> <span class='ocrx_word' id='word_1_155' title='bbox 773 1214 858 1246; x_wconf 87' lang='lat' dir='ltr'>bosci</span> <span class='ocrx_word' id='word_1_156' title='bbox 876 1214 996 1246; x_wconf 88' lang='lat' dir='ltr'>ibidem</span> <span class='ocrx_word' id='word_1_157' title='bbox 1012 1226 1068 1257; x_wconf 88' lang='lat' dir='ltr'>per</span> <span class='ocrx_word' id='word_1_158' title='bbox 1088 1215 1174 1246; x_wconf 88' lang='lat' dir='ltr'>idem</span> <span class='ocrx_word' id='word_1_159' title='bbox 1196 1217 1332 1257; x_wconf 81' lang='lat' dir='ltr'>tempus.</span> <span class='ocrx_word' id='word_1_160' title='bbox 1380 1213 1425 1246; x_wconf 80' lang='lat' dir='ltr'>Et</span> <span class='ocrx_word' id='word_1_161' title='bbox 1448 1215 1487 1246; x_wconf 90' lang='lat' dir='ltr'>de</span> <span class='ocrx_word' id='word_1_162' title='bbox 1508 1226 1584 1247; x_wconf 52' lang='lat' dir='ltr'>ersz</span> 
     </span>
     <span class='ocr_line' id='line_1_16' title="bbox 118 1282 1583 1326; baseline -0.001 -10"><span class='ocrx_word' id='word_1_163' title='bbox 118 1285 252 1326; x_wconf 84' lang='lat' dir='ltr'>receptis</span> <span class='ocrx_word' id='word_1_164' title='bbox 267 1285 306 1316; x_wconf 90' lang='lat' dir='ltr'>de</span> <span class='ocrx_word' id='word_1_165' title='bbox 322 1284 453 1315; x_wconf 83' lang='lat' dir='ltr'>diversis</span> <span class='ocrx_word' id='word_1_166' title='bbox 466 1283 616 1326; x_wconf 87' lang='lat' dir='ltr'>operariis</span> <span class='ocrx_word' id='word_1_167' title='bbox 629 1283 834 1325; x_wconf 77' lang='lat' dir='ltr'>operantibus</span> <span class='ocrx_word' id='word_1_168' title='bbox 848 1286 1012 1315; x_wconf 86' lang='lat' dir='ltr'>mortuum</span> <span class='ocrx_word' id='word_1_169' title='bbox 1026 1283 1156 1315; x_wconf 86' lang='lat' dir='ltr'>boscum</span> <span class='ocrx_word' id='word_1_170' title='bbox 1172 1283 1206 1314; x_wconf 93' lang='lat' dir='ltr'>in</span> <span class='ocrx_word' id='word_1_171' title='bbox 1222 1282 1315 1315; x_wconf 89' lang='lat' dir='ltr'>bosco</span> <span class='ocrx_word' id='word_1_172' title='bbox 1328 1283 1368 1314; x_wconf 89' lang='lat' dir='ltr'>de</span> <span class='ocrx_word' id='word_1_173' title='bbox 1384 1282 1583 1315; x_wconf 75' lang='lat' dir='ltr'>GLYNTATH.</span> 
     </span>
     <span class='ocr_line' id='line_1_17' title="bbox 117 1351 1582 1395; baseline -0.001 -10"><span class='ocrx_word' id='word_1_174' title='bbox 117 1353 163 1386; x_wconf 86' lang='lat' dir='ltr'>Et</span> <span class='ocrx_word' id='word_1_175' title='bbox 178 1365 243 1385; x_wconf 89' lang='lat' dir='ltr'>non</span> <span class='ocrx_word' id='word_1_176' title='bbox 258 1353 331 1395; x_wconf 83' lang='lat' dir='ltr'>plus</span> <span class='ocrx_word' id='word_1_177' title='bbox 346 1353 385 1384; x_wconf 91' lang='lat' dir='ltr'>de</span> <span class='ocrx_word' id='word_1_178' title='bbox 401 1352 548 1384; x_wconf 85' lang='lat' dir='ltr'>omnibus</span> <span class='ocrx_word' id='word_1_179' title='bbox 564 1352 714 1394; x_wconf 78' lang='lat' dir='ltr'>operariis</span> <span class='ocrx_word' id='word_1_180' title='bbox 734 1352 884 1394; x_wconf 85' lang='lat' dir='ltr'>predictis</span> <span class='ocrx_word' id='word_1_181' title='bbox 900 1363 993 1383; x_wconf 81' lang='lat' dir='ltr'>causa.</span> <span class='ocrx_word' id='word_1_182' title='bbox 1009 1363 1122 1394; x_wconf 86' lang='lat' dir='ltr'>guerre</span> <span class='ocrx_word' id='word_1_183' title='bbox 1138 1363 1195 1394; x_wconf 88' lang='lat' dir='ltr'>pro</span> <span class='ocrx_word' id='word_1_184' title='bbox 1214 1351 1342 1384; x_wconf 79' lang='lat' dir='ltr'>defectu</span> <span class='ocrx_word' id='word_1_185' title='bbox 1358 1352 1582 1394; x_wconf 82' lang='lat' dir='ltr'>operariorum.</span> 
     </span>
    </p>
   </div>
   <div class='ocr_carea' id='block_1_3' title="bbox 117 1420 1348 1464">
    <p class='ocr_par' dir='ltr' id='par_1_5' title="bbox 117 1420 1348 1464">
     <span class='ocr_line' id='line_1_18' title="bbox 117 1420 1348 1464; baseline -0.002 -10"><span class='ocrx_word' id='word_1_186' title='bbox 117 1422 164 1454; x_wconf 76' lang='lat' dir='ltr'>Et</span> <span class='ocrx_word' id='word_1_187' title='bbox 178 1423 218 1454; x_wconf 90' lang='lat' dir='ltr'>de</span> <span class='ocrx_word' id='word_1_188' title='bbox 234 1424 316 1454; x_wconf 78' lang='lat' dir='ltr'>xnd.</span> <span class='ocrx_word' id='word_1_189' title='bbox 335 1422 374 1454; x_wconf 89' lang='lat' dir='ltr'>de</span> <span class='ocrx_word' id='word_1_190' title='bbox 389 1433 415 1454; x_wconf 88' lang='lat' dir='ltr'>J.</span> <span class='ocrx_word' id='word_1_191' title='bbox 433 1422 550 1464; x_wconf 81' lang='lat' dir='ltr'>lagena</span> <span class='ocrx_word' id='word_1_192' title='bbox 564 1421 668 1452; x_wconf 68' lang='lat' dir='ltr'>meliis</span> <span class='ocrx_word' id='word_1_193' title='bbox 683 1421 813 1453; x_wconf 81' lang='lat' dir='ltr'>vendita</span> <span class='ocrx_word' id='word_1_194' title='bbox 829 1420 956 1452; x_wconf 90' lang='lat' dir='ltr'>ibidem.</span> <span class='ocrx_word' id='word_1_195' title='bbox 1003 1420 1137 1453; x_wconf 79' lang='lat' dir='ltr'>Summa</span> <span class='ocrx_word' id='word_1_196' title='bbox 1154 1431 1276 1453; x_wconf 67' lang='lat' dir='ltr'>xnvm-s‘.</span> <span class='ocrx_word' id='word_1_197' title='bbox 1296 1423 1348 1453; x_wconf 75' lang='lat' dir='ltr'>xcl.</span> 
     </span>
    </p>
   </div>
   <div class='ocr_carea' id='block_1_4' title="bbox 765 1520 944 1552">
    <p class='ocr_par' dir='ltr' id='par_1_6' title="bbox 765 1520 944 1552">
     <span class='ocr_line' id='line_1_19' title="bbox 765 1520 944 1552; baseline 0 0"><span class='ocrx_word' id='word_1_198' title='bbox 765 1520 944 1552; x_wconf 65' lang='lat' dir='ltr'>annm.</span> 
     </span>
    </p>
   </div>
   <div class='ocr_carea' id='block_1_5' title="bbox 120 1601 1585 1918">
    <p class='ocr_par' dir='ltr' id='par_1_7' title="bbox 121 1601 1583 1712">
     <span class='ocr_line' id='line_1_20' title="bbox 163 1601 1583 1645; baseline 0.001 -12"><span class='ocrx_word' id='word_1_199' title='bbox 163 1601 214 1634; x_wconf 91' lang='lat' dir='ltr'>De</span> <span class='ocrx_word' id='word_1_200' title='bbox 237 1602 408 1645; x_wconf 81' lang='lat' dir='ltr'>mesuagiis</span> <span class='ocrx_word' id='word_1_201' title='bbox 430 1604 514 1634; x_wconf 83' lang='lat' dir='ltr'>terra</span> <span class='ocrx_word' id='word_1_202' title='bbox 540 1604 573 1633; x_wconf 92' lang='lat' dir='ltr'>et</span> <span class='ocrx_word' id='word_1_203' title='bbox 594 1604 724 1643; x_wconf 81' lang='lat' dir='ltr'>pastura</span> <span class='ocrx_word' id='word_1_204' title='bbox 747 1602 833 1644; x_wconf 80' lang='lat' dir='ltr'>apud</span> <span class='ocrx_word' id='word_1_205' title='bbox 856 1601 1026 1633; x_wconf 76' lang='lat' dir='ltr'><strong>RETHERY</strong></span> <span class='ocrx_word' id='word_1_206' title='bbox 1050 1601 1149 1633; x_wconf 86' lang='lat' dir='ltr'>nichil</span> <span class='ocrx_word' id='word_1_207' title='bbox 1171 1613 1229 1644; x_wconf 92' lang='lat' dir='ltr'>pro</span> <span class='ocrx_word' id='word_1_208' title='bbox 1253 1602 1381 1634; x_wconf 77' lang='lat' dir='ltr'>defectu</span> <span class='ocrx_word' id='word_1_209' title='bbox 1404 1605 1583 1644; x_wconf 88' lang='lat' dir='ltr'>emptorum</span> 
     </span>
     <span class='ocr_line' id='line_1_21' title="bbox 121 1681 353 1712; baseline -0.004 -10"><span class='ocrx_word' id='word_1_210' title='bbox 121 1681 215 1702; x_wconf 82' lang='lat' dir='ltr'>causa</span> <span class='ocrx_word' id='word_1_211' title='bbox 231 1681 353 1712; x_wconf 87' lang='lat' dir='ltr'>guerre.</span> 
     </span>
    </p>

    <p class='ocr_par' dir='ltr' id='par_1_8' title="bbox 120 1738 1585 1918">
     <span class='ocr_line' id='line_1_22' title="bbox 165 1738 1585 1781; baseline 0 -11"><span class='ocrx_word' id='word_1_212' title='bbox 165 1739 287 1771; x_wconf 79' lang='lat' dir='ltr'>Placita</span> <span class='ocrx_word' id='word_1_213' title='bbox 315 1741 347 1770; x_wconf 87' lang='lat' dir='ltr'>et</span> <span class='ocrx_word' id='word_1_214' title='bbox 369 1738 552 1780; x_wconf 76' lang='lat' dir='ltr'>perquisita.</span> <span class='ocrx_word' id='word_1_215' title='bbox 598 1738 692 1770; x_wconf 87' lang='lat' dir='ltr'>Idem</span> <span class='ocrx_word' id='word_1_216' title='bbox 714 1739 883 1781; x_wconf 85' lang='lat' dir='ltr'>respondet</span> <span class='ocrx_word' id='word_1_217' title='bbox 909 1740 948 1770; x_wconf 91' lang='lat' dir='ltr'>de</span> <span class='ocrx_word' id='word_1_218' title='bbox 975 1741 1071 1771; x_wconf 76' lang='lat' dir='ltr'>xvsli.</span> <span class='ocrx_word' id='word_1_219' title='bbox 1095 1750 1162 1770; x_wconf 73' lang='lat' dir='ltr'>11JS.</span> <span class='ocrx_word' id='word_1_220' title='bbox 1186 1739 1319 1781; x_wconf 86' lang='lat' dir='ltr'>receptis</span> <span class='ocrx_word' id='word_1_221' title='bbox 1342 1740 1382 1770; x_wconf 90' lang='lat' dir='ltr'>de</span> <span class='ocrx_word' id='word_1_222' title='bbox 1403 1738 1585 1781; x_wconf 83' lang='lat' dir='ltr'>perquisitis</span> 
     </span>
     <span class='ocr_line' id='line_1_23' title="bbox 120 1806 1582 1850; baseline -0.002 -9"><span class='ocrx_word' id='word_1_223' title='bbox 120 1808 279 1841; x_wconf 82' lang='lat' dir='ltr'>curiarum</span> <span class='ocrx_word' id='word_1_224' title='bbox 295 1807 396 1849; x_wconf 81' lang='lat' dir='ltr'>patrie</span> <span class='ocrx_word' id='word_1_225' title='bbox 412 1807 452 1838; x_wconf 91' lang='lat' dir='ltr'>de</span> <span class='ocrx_word' id='word_1_226' title='bbox 467 1806 704 1839; x_wconf 74' lang='lat' dir='ltr'><strong>SENGHENYTH</strong></span> <span class='ocrx_word' id='word_1_227' title='bbox 720 1819 814 1850; x_wconf 79' lang='lat' dir='ltr'>supra</span> <span class='ocrx_word' id='word_1_228' title='bbox 830 1807 951 1839; x_wconf 51' lang='lat' dir='ltr'>Onon</span> <span class='ocrx_word' id='word_1_229' title='bbox 968 1809 999 1840; x_wconf 89' lang='lat' dir='ltr'>et</span> <span class='ocrx_word' id='word_1_230' title='bbox 1011 1807 1122 1840; x_wconf 78' lang='lat' dir='ltr'>subtus</span> <span class='ocrx_word' id='word_1_231' title='bbox 1138 1807 1259 1839; x_wconf 72' lang='lat' dir='ltr'>CAAGH</span> <span class='ocrx_word' id='word_1_232' title='bbox 1275 1819 1332 1849; x_wconf 90' lang='lat' dir='ltr'>per</span> <span class='ocrx_word' id='word_1_233' title='bbox 1346 1808 1431 1839; x_wconf 90' lang='lat' dir='ltr'>idem</span> <span class='ocrx_word' id='word_1_234' title='bbox 1447 1810 1582 1849; x_wconf 85' lang='lat' dir='ltr'>tempus.</span> 
     </span>
     <span class='ocr_line' id='line_1_24' title="bbox 120 1875 1584 1918; baseline -0.001 -10"><span class='ocrx_word' id='word_1_235' title='bbox 120 1875 252 1908; x_wconf 81' lang='lat' dir='ltr'>Summa</span> <span class='ocrx_word' id='word_1_236' title='bbox 282 1877 376 1907; x_wconf 72' lang='lat' dir='ltr'>xvsli.</span> <span class='ocrx_word' id='word_1_237' title='bbox 410 1886 477 1907; x_wconf 68' lang='lat'>1158.</span> <span class='ocrx_word' id='word_1_238' title='bbox 524 1875 658 1908; x_wconf 82' lang='lat' dir='ltr'>Summa</span> <span class='ocrx_word' id='word_1_239' title='bbox 687 1879 810 1918; x_wconf 86' lang='lat' dir='ltr'>recepte</span> <span class='ocrx_word' id='word_1_240' title='bbox 847 1878 989 1908; x_wconf 73' lang='lat' dir='ltr'>xxmxli.</span> <span class='ocrx_word' id='word_1_241' title='bbox 1021 1887 1113 1909; x_wconf 70' lang='lat' dir='ltr'>xus-3.</span> <span class='ocrx_word' id='word_1_242' title='bbox 1147 1878 1214 1908; x_wconf 77' lang='lat' dir='ltr'>vsd.</span> <span class='ocrx_word' id='word_1_243' title='bbox 1247 1888 1273 1917; x_wconf 87' lang='lat' dir='ltr'>q.</span> <span class='ocrx_word' id='word_1_244' title='bbox 1320 1875 1453 1908; x_wconf 82' lang='lat' dir='ltr'>Summa</span> <span class='ocrx_word' id='word_1_245' title='bbox 1482 1876 1584 1908; x_wconf 82' lang='lat' dir='ltr'>tocius</span> 
     </span>
    </p>
   </div>
   <div class='ocr_carea' id='block_1_6' title="bbox 120 1946 1582 2144">
    <p class='ocr_par' dir='ltr' id='par_1_9' title="bbox 120 1946 1582 2144">
     <span class='ocr_line' id='line_1_25' title="bbox 120 1946 541 1987; baseline -0.007 -10"><span class='ocrx_word' id='word_1_246' title='bbox 120 1947 243 1987; x_wconf 83' lang='lat' dir='ltr'>recepte</span> <span class='ocrx_word' id='word_1_247' title='bbox 261 1946 352 1976; x_wconf 72' lang='lat' dir='ltr'>Lxsli.</span> <span class='ocrx_word' id='word_1_248' title='bbox 371 1955 454 1975; x_wconf 62' lang='lat' dir='ltr'>xtxs.</span> <span class='ocrx_word' id='word_1_249' title='bbox 473 1946 541 1975; x_wconf 72' lang='lat' dir='ltr'>xad.</span> 
     </span>
     <span class='ocr_line' id='line_1_26' title="bbox 768 2019 939 2051; baseline 0 0"><span class='ocrx_word' id='word_1_250' title='bbox 768 2019 939 2051; x_wconf 62' lang='lat' dir='ltr'>Expnnsn.</span> 
     </span>
     <span class='ocr_line' id='line_1_27' title="bbox 163 2099 1582 2144; baseline -0.001 -11"><span class='ocrx_word' id='word_1_251' title='bbox 163 2101 339 2144; x_wconf 80' lang='lat' dir='ltr'>Stipendia.</span> <span class='ocrx_word' id='word_1_252' title='bbox 386 2100 479 2133; x_wconf 87' lang='lat' dir='ltr'>Idem</span> <span class='ocrx_word' id='word_1_253' title='bbox 517 2103 680 2143; x_wconf 84' lang='lat' dir='ltr'>computat</span> <span class='ocrx_word' id='word_1_254' title='bbox 710 2101 745 2132; x_wconf 87' lang='lat' dir='ltr'>in</span> <span class='ocrx_word' id='word_1_255' title='bbox 776 2101 942 2143; x_wconf 85' lang='lat' dir='ltr'>stipendiis</span> <span class='ocrx_word' id='word_1_256' title='bbox 974 2112 1012 2132; x_wconf 83' lang='lat' dir='ltr'>1J.</span> <span class='ocrx_word' id='word_1_257' title='bbox 1044 2100 1242 2133; x_wconf 87' lang='lat' dir='ltr'>bedellorum</span> <span class='ocrx_word' id='word_1_258' title='bbox 1273 2111 1368 2142; x_wconf 83' lang='lat' dir='ltr'>supra</span> <span class='ocrx_word' id='word_1_259' title='bbox 1399 2099 1519 2132; x_wconf 49' lang='lat' dir='ltr'>Girsu</span> <span class='ocrx_word' id='word_1_260' title='bbox 1550 2103 1582 2132; x_wconf 87' lang='lat' dir='ltr'>et</span> 
     </span>
    </p>
   </div>
   <div class='ocr_carea' id='block_1_7' title="bbox 118 2168 1582 2211">
    <p class='ocr_par' dir='ltr' id='par_1_10' title="bbox 118 2168 1582 2211">
     <span class='ocr_line' id='line_1_28' title="bbox 118 2168 1582 2211; baseline -0.002 -9"><span class='ocrx_word' id='word_1_261' title='bbox 118 2169 230 2202; x_wconf 78' lang='lat' dir='ltr'>subtus</span> <span class='ocrx_word' id='word_1_262' title='bbox 245 2169 367 2202; x_wconf 70' lang='lat' dir='ltr'>CAAGH</span> <span class='ocrx_word' id='word_1_263' title='bbox 383 2170 527 2201; x_wconf 86' lang='lat' dir='ltr'>redditus</span> <span class='ocrx_word' id='word_1_264' title='bbox 542 2169 766 2201; x_wconf 76' lang='lat' dir='ltr'>advocaoiones</span> <span class='ocrx_word' id='word_1_265' title='bbox 781 2169 889 2201; x_wconf 86' lang='lat' dir='ltr'>firmas</span> <span class='ocrx_word' id='word_1_266' title='bbox 913 2169 1030 2211; x_wconf 79' lang='lat' dir='ltr'>placita</span> <span class='ocrx_word' id='word_1_267' title='bbox 1050 2172 1082 2201; x_wconf 86' lang='lat' dir='ltr'>et</span> <span class='ocrx_word' id='word_1_268' title='bbox 1102 2168 1278 2211; x_wconf 79' lang='lat' dir='ltr'>perquisita</span> <span class='ocrx_word' id='word_1_269' title='bbox 1300 2168 1459 2200; x_wconf 77' lang='lat' dir='ltr'>curiarum</span> <span class='ocrx_word' id='word_1_270' title='bbox 1480 2168 1582 2210; x_wconf 78' lang='lat' dir='ltr'>patrie</span> 
     </span>
    </p>
   </div>
   <div class='ocr_carea' id='block_1_8' title="bbox 119 2235 1583 2279">
    <p class='ocr_par' dir='ltr' id='par_1_11' title="bbox 119 2235 1583 2279">
     <span class='ocr_line' id='line_1_29' title="bbox 119 2235 1583 2279; baseline -0.001 -10"><span class='ocrx_word' id='word_1_271' title='bbox 119 2238 159 2270; x_wconf 89' lang='lat' dir='ltr'>de</span> <span class='ocrx_word' id='word_1_272' title='bbox 179 2237 416 2270; x_wconf 71' lang='lat' dir='ltr'><strong>SENGHENYTH</strong></span> <span class='ocrx_word' id='word_1_273' title='bbox 441 2237 664 2279; x_wconf 85' lang='lat' dir='ltr'>eolligencium</span> <span class='ocrx_word' id='word_1_274' title='bbox 682 2240 713 2269; x_wconf 87' lang='lat' dir='ltr'>et</span> <span class='ocrx_word' id='word_1_275' title='bbox 732 2237 911 2269; x_wconf 82' lang='lat' dir='ltr'>levaneium</span> <span class='ocrx_word' id='word_1_276' title='bbox 927 2240 959 2269; x_wconf 88' lang='lat' dir='ltr'>et</span> <span class='ocrx_word' id='word_1_277' title='bbox 978 2237 1199 2269; x_wconf 85' lang='lat' dir='ltr'>exeeucionem</span> <span class='ocrx_word' id='word_1_278' title='bbox 1215 2236 1376 2268; x_wconf 84' lang='lat' dir='ltr'>curiarum</span> <span class='ocrx_word' id='word_1_279' title='bbox 1393 2235 1583 2268; x_wconf 70' lang='lat' dir='ltr'>faoienoium</span> 
     </span>
    </p>
   </div>
  </div>
 </body>
</html>
