1820 2548
163 327 349 359 extenditur
375 339 474 372 usque
504 328 545 359 ad
575 330 693 359 terram
723 327 878 359 Humum
909 328 948 359 de
978 327 1118 359 Anam.
1148 330 1180 359 et
1210 330 1305 370 eaput
1335 328 1405 370 ejus
1431 328 1625 360 occidentale

163 396 349 428 extenditur
359 407 458 438 usque
468 396 509 428 ad
524 396 655 428 feodum
674 396 713 428 de
730 395 970 428 DENAsrowx's.
1016 396 1062 428 Et
1078 397 1139 428 due
1155 408 1225 428 acre
1240 399 1272 428 et
1284 397 1418 428 dimidia
1430 408 1501 429 aera
1516 397 1624 439 jacent

165 465 251 506 apud
272 463 461 496 LANGETON
484 464 569 496 inter
587 468 706 496 terram
729 476 825 506 quam
845 464 938 497 IssAc
960 465 999 497 de
1030 464 1222 497 LmnocfflE
1245 465 1359 498 habuit
1381 465 1554 508 aliquando
1582 467 1622 498 ad

163 533 289 564 firmam
304 533 344 565 de
359 544 410 564 me
426 545 465 564 ex
481 535 570 574 parte
586 544 651 564 una
667 535 698 564 et
713 535 831 564 terram
847 544 943 575 quam
962 533 983 565 J
986 544 1143 565 OHANNES
1162 533 1282 565 BUBBE
1302 533 1416 565 habuit
1436 534 1477 566 ad
1497 534 1622 566 firmam

162 601 202 633 de
224 612 275 632 me
296 613 432 643 quarum
454 601 590 633 duamm
613 612 757 633 acrarum
781 604 812 633 et
835 602 968 633 dimidie
991 605 1085 644 eaput
1108 601 1249 634 bon-eale
1265 602 1448 634 extenditur
1464 614 1562 644 usque
1581 603 1623 634 ad

160 672 278 701 terram
295 669 463 702 WALTERI
475 668 602 701 KoNAN
618 672 651 702 et
664 672 759 711 eaput
774 670 912 702 australe
927 681 1027 712 usque
1039 671 1079 702 ad
1091 673 1220 712 pratum
1234 672 1453 703 ALEXANDRI.
1500 671 1545 703 Et
1557 683 1622 704 una

161 737 296 769 dimidia
315 749 386 769 acra
404 738 489 779 jacet
507 737 592 769 inter
612 741 729 769 terram
753 738 907 770 Ham-mm
931 738 1057 770 ΤΗΟΜΕ
1080 750 1120 770 ex
1142 742 1232 780 parte
1256 751 1320 771 una
1338 742 1371 771 et
1388 742 1506 772 terram
1525 752 1621 782 quam

159 806 264 838 dietus
278 806 495 838 ALEXANDER
507 806 592 838 filius
608 806 777 838 MAnmcn
795 809 825 838 et
842 807 933 838 issic
948 807 1130 839 habuerunt
1141 808 1181 838 ad
1198 808 1322 839 firmam
1338 809 1378 840 de
1390 820 1450 840 me.
1496 809 1541 840 Et
1557 821 1622 841 una

159 876 293 907 dimidia
308 887 380 908 acra
390 876 474 918 jacet
485 876 603 908 scilicet
613 876 646 907 in
657 875 730 907 Vor
743 887 830 907 LOND
843 876 927 908 inter
938 880 1056 908 terram
1068 877 1230 918 quondam
1242 876 1449 909 Amxmnm
1462 880 1494 909 et
1505 880 1623 910 terram

159 955 254 986 quam
274 944 378 976 dictus
400 944 617 976 ALEXANDER
640 944 724 976 filius
746 944 915 976 MAumcn
937 947 968 976 et
990 945 1082 977 Issic
1102 944 1284 977 habuerunt
1301 946 1342 977 ad
1364 946 1488 977 firmam
1509 947 1549 977 de
1572 958 1623 978 me

157 1013 250 1055 cujus
272 1013 404 1044 dimidie
427 1024 496 1044 acre
520 1015 615 1055 eaput
630 1013 783 1045 orientale
807 1014 991 1045 extenditur
1006 1014 1047 1045 ad
1070 1017 1188 1045 terram
1204 1013 1358 1045 Humum
1375 1015 1414 1046 de
1430 1014 1568 1046 ANGLIA
1592 1018 1623 1047 et

157 1086 251 1124 caput
275 1082 468 1113 occidentale
492 1093 591 1123 usque
614 1083 655 1113 ad
678 1085 797 1113 terram
821 1081 842 1114 J
845 1093 994 1114 OHANNIS
1017 1083 1056 1114 de
1082 1082 1282 1114 LANnoamz.
1329 1082 1374 1114 Et
1398 1094 1464 1114 una
1487 1083 1621 1115 dimidia

157 1163 229 1183 aera
251 1151 335 1193 jacet
358 1151 391 1182 in
415 1151 483 1182 loco
506 1151 666 1193 appellato
690 1150 912 1182 Monsswmm
935 1150 1045 1182 Sum>
1068 1151 1153 1182 intcr
1174 1150 1274 1182 latam
1298 1152 1383 1182 viam
1407 1163 1470 1193 qua
1492 1151 1558 1183 itur
1580 1152 1620 1184 de

155 1220 316 1252 Kanum
339 1224 416 1261 aput
441 1218 557 1251 Onam
573 1222 604 1251 et
625 1222 742 1251 terram
765 1220 878 1261 prioris
901 1220 1028 1251 ecclesie
1044 1220 1136 1251 beate
1161 1219 1278 1251 MAROE
1302 1220 1341 1251 de
1358 1219 1528 1252 KAERmF.
1575 1220 1621 1252 Et

157 1289 279 1321 dietum
295 1289 492 1330 quarterium
516 1294 598 1319 terre
620 1288 705 1330 jacet
721 1288 754 1319 in
772 1291 861 1330 parte
879 1288 1013 1320 boi-reali
1035 1288 1119 1330 prati
1136 1289 1299 1331 quondam
1313 1287 1521 1320 ALExAxDm
1538 1290 1623 1331 quod

155 1357 273 1390 scilicet
289 1357 380 1388 Issa:
395 1357 509 1388 habuit
525 1357 566 1388 ad
582 1357 707 1388 firmam
723 1357 762 1388 de
779 1368 839 1388 me.
890 1356 1088 1388 Habeudum
1105 1360 1137 1389 et
1153 1358 1329 1388 tenendum
1345 1357 1430 1388 dieto
1448 1356 1621 1389 WALTERO

153 1426 265 1458 anr
288 1426 352 1457 filio
378 1425 544 1458 WAmmu
568 1425 679 1456 Pmm
704 1429 734 1456 et
766 1425 936 1457 heredibus
966 1425 1030 1456 suis
1058 1425 1108 1457 vel
1140 1426 1310 1468 assignatis
1341 1427 1405 1458 suis
1437 1427 1487 1458 vel
1512 1427 1562 1459 cui
1584 1427 1619 1459 in

153 1495 303 1527 extremis
318 1494 473 1536 legaverit
488 1495 528 1525 de
544 1505 594 1525 me
609 1496 641 1525 et
657 1493 829 1525 heredibus
844 1494 922 1525 meis
938 1494 987 1525 vel
1003 1494 1173 1535 assignatis
1197 1495 1275 1526 meis
1297 1495 1395 1527 libere
1419 1496 1524 1537 quiete
1541 1497 1620 1528 bene

152 1563 280 1604 pacifice
290 1563 416 1605 integre
431 1563 499 1594 sine
515 1562 710 1604 gravamine.
761 1562 938 1594 Reddendo
950 1562 1025 1594 inde
1036 1563 1204 1595 annuatim
1221 1563 1317 1595 michi
1334 1566 1365 1595 et
1381 1563 1551 1596 heredibus
1567 1565 1617 1596 vel

154 1631 322 1672 assignatis
344 1631 422 1663 meis
448 1642 549 1662 unum
573 1630 702 1662 obolum
730 1631 770 1662 ad
796 1631 915 1662 festum
939 1631 1048 1663 Sancti
1075 1631 1269 1663 Maenims
1300 1636 1331 1663 et
1362 1633 1490 1665 domino
1522 1634 1618 1676 priori

155 1699 296 1741 predicto
312 1699 361 1730 vel
377 1699 428 1731 cui
442 1710 499 1741 pro
515 1701 657 1741 tempore
672 1699 771 1731 fuerit
788 1699 970 1741 quindecim
991 1700 1137 1732 denarios
1162 1701 1306 1732 videlieet
1330 1704 1450 1743 septem
1473 1702 1619 1735 denarios

153 1771 183 1799 et
208 1767 336 1799 obolum
359 1767 400 1799 ad
422 1767 542 1799 festum
564 1766 673 1799 Sancti
700 1767 895 1799 MchAEms
917 1772 948 1800 et
974 1771 1094 1810 septem
1117 1769 1264 1801 denarios
1286 1772 1317 1801 et
1341 1769 1469 1802 obolum
1487 1771 1518 1802 in
1536 1771 1617 1803 festo

153 1835 332 1867 nativitatis
347 1836 456 1867 Sancti
471 1835 493 1867 J
496 1846 646 1867 OHANNIS
664 1836 831 1868 BAPTISTE
847 1848 904 1879 pro
924 1837 1045 1869 herieto
1068 1837 1193 1869 releviis
1215 1838 1336 1870 auxilio
1360 1842 1442 1870 secta
1459 1839 1543 1871 curie
1560 1851 1616 1881 pro

151 1904 238 1936 omni
254 1903 384 1935 servicio
399 1903 531 1936 seculari
547 1905 711 1942 exactione
727 1905 1011 1938 consuetudinibus
1034 1909 1065 1938 et
1088 1906 1280 1938 omnimodis
1302 1907 1469 1939 domandis
1491 1920 1552 1950 que
1575 1909 1615 1940 do

148 1976 233 2005 terra
255 1972 431 2014 exiguntur
453 1972 503 2003 vel
527 1972 613 2014 exigi
629 1976 789 2014 poterunt.
838 1973 911 2016 Ego
934 1986 1008 2006 vero
1030 1975 1173 2016 predicta
1196 1974 1334 2007 cmm
1358 1978 1389 2007 et
1404 1975 1535 2008 heredes
1550 1978 1613 2009 mei

148 2041 199 2074 vel
223 2040 377 2083 assignati
402 2039 462 2070 mei
478 2040 653 2081 predictam
678 2041 807 2073 tertiam
829 2044 952 2084 partem
975 2043 1052 2074 dicti
1075 2043 1237 2086 curtilagii
1258 2043 1358 2075 dictas
1373 2046 1510 2085 quatuor
1526 2057 1613 2077 acras

147 2113 230 2142 terre
245 2109 413 2141 dimidiam
429 2120 534 2140 aeram
549 2109 725 2150 predictam
741 2110 863 2142 dictum
879 2111 1076 2153 quarterium
1091 2111 1186 2144 unius
1202 2123 1272 2143 acre
1288 2115 1320 2143 et
1343 2113 1461 2144 dictam
1483 2114 1612 2146 tertiam

145 2181 269 2221 partem
299 2177 395 2209 unius
421 2177 573 2218 quarterii
603 2178 699 2209 unius
728 2189 798 2210 aere
825 2179 910 2221 prati
937 2191 1010 2212 cum
1034 2180 1236 2222 pertinentiis
1262 2181 1347 2213 dicto
1372 2180 1547 2214 WA1,T1·:ao
1579 2187 1611 2215 et

143 2246 314 2279 heredibus
333 2246 398 2278 suis
413 2246 464 2278 vel
484 2246 654 2289 assignatis
674 2247 723 2278 ve]
740 2247 790 2279 cui
807 2247 841 2279 in
861 2249 1012 2280 extremis
1030 2249 1185 2291 legaverit
1200 2261 1256 2292 per
1271 2249 1450 2291 predictum
1465 2261 1610 2283 annuum
