1820 2548
1510 190 1572 221 801

149 346 320 379 KAERmF.
381 345 471 378 fflud
495 345 613 377 scilicet
643 345 729 387 quod
758 344 858 377 habui
888 356 928 376 ex
958 345 1041 376 dono
1071 348 1104 376 et
1133 344 1341 376 feoffamento
1371 344 1544 377 JOHANNIS
1574 347 1614 378 de
1662 367 1667 369 -

149 415 342 447 LANRYRED
358 414 454 456 juxta
470 416 596 456 portam
611 413 765 445 borialem
781 413 927 456 ejusdem
942 413 1018 444 ville
1034 412 1118 444 inter
1137 415 1358 444 tenementum
1374 415 1450 445 tune
1467 413 1614 446 Rmffln

148 483 343 517 scrumosus
372 483 407 514 in
437 485 528 524 parte
557 481 671 514 boriali
702 484 735 514 et
764 483 985 514 tenementum
1017 483 1095 513 tunc
1125 481 1279 513 Hnmum
1310 481 1428 514 Psscm:
1458 482 1492 514 in
1522 486 1613 524 parte

147 552 289 585 australi.
335 552 382 584 Et
396 551 542 583 extendit
557 562 590 582 se
608 562 717 583 versus
739 551 934 582 occidentem
957 550 998 581 ad
1020 550 1143 592 regiam
1166 550 1252 581 viam
1274 552 1307 582 et
1329 561 1436 582 versus
1458 550 1612 584 orientem

146 621 188 653 ad
217 622 438 652 tenementum
468 620 630 662 quondam
659 618 810 650 ABRAHE
849 618 1077 651 Mrmcuoms.
1139 617 1339 650 Habendum
1374 622 1406 650 et
1436 620 1611 652 tenendum

145 689 268 721 dictum
291 691 514 720 tenementum
540 699 613 720 oum
639 688 845 730 pertinenciis
875 688 980 720 eidem
1010 687 1200 719 MA'riLLIm
1227 691 1259 718 et
1288 687 1458 719 heredibus
1487 689 1551 720 suis
1581 692 1613 721 et

145 757 316 799 assignatis
331 769 388 798 pro
403 768 455 789 me
471 760 502 788 et
518 756 689 789 heredibus
704 756 783 788 meis
798 759 830 788 et
851 756 1021 798 assignatis
1039 757 1079 788 de
1102 756 1231 787 domino
1254 756 1383 798 capitali
1405 757 1492 789 feodi
1514 757 1612 790 libere

145 825 287 868 plenarie
303 828 335 857 et
350 825 478 867 pacifice
493 825 527 856 in
549 827 750 867 perpetuum.
797 824 976 857 Reddendo
995 825 1071 856 inde
1086 824 1255 856 annuatim
1270 824 1339 866 ipsa
1361 831 1393 856 et
1416 825 1547 858 heredes
1562 827 1612 858 sui

147 897 180 926 et
194 894 349 936 assignati
365 893 450 925 dicto
466 893 597 925 domino
613 893 743 935 capitali
761 893 925 925 redditum
949 893 1094 925 debitum
1116 895 1147 924 et
1171 895 1358 925 consuetum
1381 894 1446 925 suis
1467 895 1613 926 terminis

143 973 201 1004 pro
225 962 313 994 omni
339 961 470 994 servicio
496 961 628 993 seculari
655 964 687 993 et
713 962 881 993 demanda.
942 961 987 994 Et
1012 973 1071 1004 ego
1092 961 1196 993 dictus
1220 962 1403 994 JOHANNES
1429 966 1462 994 et
1481 963 1613 996 heredes

143 1031 208 1063 mei
231 1031 315 1062 dicte
339 1030 530 1062 MATILIADI
555 1034 587 1062 et
605 1030 776 1062 heredibus
801 1030 866 1062 suis
892 1034 925 1062 et
952 1031 1123 1073 assignatis
1147 1030 1270 1062 dietum
1294 1033 1514 1064 tenementum
1539 1044 1612 1065 cum

143 1099 348 1142 pertinenciis
368 1101 478 1131 contra
501 1110 610 1131 omnes
633 1099 783 1131 mortales
806 1099 1085 1131 warantizabimus
1114 1099 1149 1130 in
1172 1104 1371 1141 perpetuum.
1427 1100 1473 1133 Et
1495 1106 1531 1132 ut
1554 1101 1612 1134 hec

144 1180 215 1201 mea
230 1168 364 1200 donacio
379 1167 536 1200 concessio
551 1170 584 1199 et
599 1168 754 1210 presentis
770 1170 854 1199 carte
870 1179 939 1199 mee
955 1168 1156 1200 confirmacio
1171 1167 1269 1200 robur
1283 1171 1435 1210 perpetue
1453 1169 1614 1202 firmitatis

144 1237 288 1280 optineat
302 1237 377 1268 huic
389 1236 529 1278 presenti
544 1239 629 1268 carte
643 1247 713 1268 mee
726 1236 869 1279 sigillum
886 1248 994 1268 meum
1009 1236 1152 1279 apposui.
1199 1236 1276 1268 Hiis
1291 1237 1425 1269 testibus
1440 1263 1446 1269 .
1461 1237 1612 1270 Hrooxr:

144 1306 184 1338 de
205 1305 304 1337 Rom
325 1330 331 1337 .
356 1304 483 1337 THOMA
514 1304 680 1336 CLEMENT
702 1330 708 1336 .
732 1305 887 1337 RICARDO
909 1305 999 1337 ELYs
1016 1330 1022 1336 .
1041 1305 1181 1337 Roemzo
1202 1306 1232 1338 le
1248 1305 1407 1338 Pomm
1423 1332 1429 1338 .
1447 1306 1470 1339 J
1472 1318 1613 1339 OHANNE

143 1373 242 1406 Onm
271 1399 278 1405 .
306 1373 402 1405 ELx‘A
435 1373 601 1406 GULDARE
633 1399 640 1405 .
673 1373 848 1406 GILBERTO
879 1374 919 1405 de
946 1373 1076 1406 CESTRE
1103 1399 1110 1407 .
1137 1373 1292 1406 ΤΗΟΜΑΜ
1318 1375 1358 1407 de
1388 1375 1573 1407 BOREFORD
1606 1402 1612 1408 .

145 1442 298 1475 EICARDO
313 1442 492 1474 ABRAHAM
510 1467 516 1474 .
534 1444 566 1474 et
581 1441 662 1473 aliis.

187 1510 269 1550 Seal,
287 1511 365 1542 dark
383 1521 481 1553 green
496 1521 577 1549 wax,
596 1510 659 1542 lin.
677 1510 774 1542 diam.
822 1510 951 1549 Device,
968 1522 987 1542 a
1002 1515 1068 1542 star
1083 1510 1162 1543 with
1178 1511 1267 1554 eight
1284 1513 1403 1544 curved
1418 1524 1501 1555 rays.

189 1578 377 1621 Legend—-‘
394 1584 424 1615 -1-
447 1578 472 1610 s'
490 1605 496 1610 .
515 1579 619 1611 10H'1s
637 1602 644 1609 .
661 1589 705 1610 DE
723 1604 729 1610 .
750 1579 883 1610 BARRY,'

750 1748 1010 1782 DCCXXXVI.

146 1827 308 1859 GRANT
345 1826 410 1859 BY
448 1827 595 1860 SIMON
633 1829 796 1862 WEBIR
840 1830 897 1862 TO
938 1830 1157 1863 RICHARD
1201 1831 1443 1871 BERNAR-D,
1483 1833 1542 1864 OF
1580 1834 1612 1865 A

251 1895 480 1928 BURGAGE
518 1896 749 1930 WITHOUT
787 1898 885 1930 THE
920 1898 1152 1932 BOROUGH
1186 1900 1244 1932 OF
1283 1900 1499 1933 CARDIFF.

684 1978 854 2019 [MARGAM
878 1979 1071 2023 CHARTER]

186 2057 295 2089 Sciant
310 2059 377 2088 tam
394 2068 423 2099 p.
442 2068 538 2099 quam
554 2056 577 2088 f.
595 2058 680 2099 quod
696 2069 756 2100 ego
774 2060 892 2091 Smox
917 2059 1078 2103 [WEBIR]
1097 2061 1172 2093 dedi
1191 2062 1327 2093 concessi
1344 2065 1375 2094 et
1392 2062 1450 2094 hac
1469 2063 1609 2105 presenti

141 2128 228 2158 carta
251 2137 323 2157 mea
349 2125 534 2157 confirmavi
562 2125 714 2157 R1cinno
741 2126 912 2159 Remum>
940 2140 1042 2160 unum
1068 2129 1264 2172 burgagium
1289 2130 1474 2162 edificatum
1501 2131 1611 2173 jacens

141 2196 232 2226 extm
247 2194 387 2236 burgum
404 2193 604 2225 Kanum-m
619 2194 654 2226 in
669 2195 805 2237 gardino
820 2196 904 2228 inter
925 2196 1120 2239 burgagium
1137 2209 1244 2229 meum
1263 2198 1297 2230 in
1318 2203 1408 2240 parte
1430 2199 1611 2241 aquilonari

139 2265 172 2295 et
191 2261 387 2305 burgagium
407 2265 484 2294 tune
501 2262 654 2294 Romam
679 2262 916 2296 GULLEBOCKE.
963 2265 1008 2297 Et
1031 2266 1177 2298 extendit
1198 2278 1230 2298 se
1246 2266 1280 2298 in
1296 2267 1431 2309 longum
1447 2278 1546 2309 usque
1569 2269 1610 2300 ad

292 2367 345 2394 53
