1820 2548
1534 261 1617 292 1105

193 418 318 451 ratione
342 418 476 460 alicujus
497 418 579 461 juris
605 417 722 450 habere
748 417 838 459 potui
866 417 900 449 in
928 417 1076 449 omnibus
1103 416 1195 449 bonis
1221 419 1253 449 et
1280 416 1403 448 catallis
1429 416 1600 449 mobilibus
1626 417 1660 449 in

194 487 337 519 manerio
353 488 393 519 de
409 487 632 519 Oxxwwvcnn
648 486 699 518 die
715 486 920 518 confectionis
935 485 1134 528 presencium
1149 484 1369 517 existentibus.
1417 484 1470 517 Ita
1493 486 1578 528 quod
1602 497 1660 518 neo

195 567 256 599 ego
271 567 329 588 nec
351 555 483 588 heredes
506 556 570 588 mei
595 566 653 587 nec
676 555 792 597 aliquis
814 566 870 597 per
895 566 952 587 nos
978 566 1035 597 pro
1055 554 1146 587 nobis
1169 566 1225 587 seu
1248 554 1377 586 nomine
1400 557 1507 587 nostro
1528 555 1563 586 in
1589 566 1659 597 pre-

193 624 288 656 dictis
309 624 402 657 bonis
425 626 456 656 et
478 624 601 656 catallis
623 623 754 666 aliquod
775 623 858 666 juris
880 624 930 655 vel
953 623 1060 655 elamii
1082 624 1226 656 deoetero
1253 623 1381 666 exigere
1405 623 1580 666 poterimus
1605 635 1660 656 seu

196 693 365 725 vendicare
387 696 434 725 set
457 704 514 735 per
538 704 666 735 presens
690 692 842 734 scriptum
862 691 902 724 ab
926 692 1110 724 omnimoda
1131 692 1257 725 accione
1283 692 1318 724 in
1344 695 1535 734 perpetuum
1564 692 1663 724 simus

195 761 326 793 exclusi.
373 761 416 793 In
439 761 532 804 eujus
553 761 600 793 rei
623 761 844 793 testimonium
869 760 1013 803 sigillum
1039 772 1148 793 meiun
1172 760 1372 803 presentibus
1393 760 1537 803 apposui.
1586 760 1663 793 Hiis

197 829 332 862 testibus
359 856 365 862 .
395 829 550 862 Rmnmo
580 829 758 862 SCURLAGE
785 855 791 862 .
818 829 972 862 Rmfflmo
1002 829 1156 861 MANXEL
1181 855 1187 861 .
1213 829 1374 861 RoBERTo
1404 829 1444 861 de
1469 829 1501 860 la
1525 828 1631 860 MARE
1656 855 1662 861 .

198 898 360 930 Hnmuco
391 898 559 931 meffl
584 924 590 930 .
615 898 810 932 WILLELMO
841 898 971 930 HENRY
1004 924 1009 930 .
1043 897 1176 930 Smoxss
1208 897 1338 930 HENRY
1366 923 1371 929 .
1398 897 1516 930 DAvn)
1543 898 1665 930 Bane-r

195 970 229 999 et
243 967 324 999 aliis.

242 1036 367 1068 Datum
383 1037 469 1078 apud
485 1036 622 1068 Pmums
647 1037 841 1069 octodecimo
863 1036 914 1068 die
941 1036 1034 1075 Maii,
1061 1047 1144 1068 enno
1170 1036 1263 1078 regni
1288 1035 1390 1078 Regis
1415 1035 1584 1068 EDWARDI
1608 1036 1667 1068 filii

196 1105 320 1137 domini
334 1104 505 1137 EDWARDI
521 1105 743 1137 sextodecimo.

240 1174 323 1214 Seal,
355 1175 411 1206 red
434 1185 515 1213 wax,
540 1174 605 1216 gin.
629 1175 726 1206 diam.
773 1174 806 1206 A
837 1174 939 1206 shield
963 1174 996 1206 os
1019 1185 1112 1213 arms
1137 1185 1193 1216 per
1215 1174 1287 1216 pale
1311 1174 1476 1213 indented,
1501 1173 1665 1214 Pmsmcn,

196 1241 341 1275 between
357 1242 447 1275 three
462 1243 566 1285 sprigs
581 1243 616 1275 of
631 1242 761 1286 foliage.

240 1311 431 1354 Legend—‘
447 1317 478 1348 -ι-
495 1311 520 1343 s'
545 1323 688 1343 ROBERTI
712 1323 756 1343 DE
780 1311 930 1343 immites*

241 1380 464 1413 Endorsed—‘
477 1381 510 1413 A
526 1381 643 1413 release
660 1381 694 1413 of
708 1383 845 1433 graunte
861 1380 944 1412 from
962 1380 1102 1413 Roberte
1127 1380 1271 1420 Penrice,
1296 1380 1367 1421 Kt.‚
1395 1383 1428 1413 to
1453 1380 1602 1413 William
1627 1382 1667 1414 de

195 1449 228 1481 la
243 1449 344 1489 Lake,
361 1450 458 1489 olerk,
475 1449 509 1481 of
523 1449 579 1482 the
595 1461 708 1481 manor
723 1449 757 1481 of
773 1449 916 1489 Oxwffih,
935 1450 995 1481 180·
1027 1449 1109 1481 Maii
1125 1461 1211 1482 anno
1226 1449 1381 1481 Edwardi
1398 1449 1446 1481 II.
1467 1450 1526 1482 160·
1548 1449 1556 1463 ’

834 1674 1022 1707 DCCOCX.

195 1752 481 1788 QmT-CLAIM
518 1754 583 1786 BY
614 1754 802 1787 ROBERT
839 1755 904 1787 DE
942 1755 1126 1788 PENRES
1165 1755 1222 1788 ΤΟ
1254 1754 1475 1788 WILLIAM
1507 1755 1568 1787 DE
1598 1755 1663 1788 LA

304 1821 445 1861 LAKE,
477 1822 662 1855 REOTOR
699 1822 757 1855 OF
794 1823 1002 1864 OXWIOH,
1034 1824 1093 1856 OF
1123 1824 1221 1856 THE
1253 1824 1565 1857 WATER-MILL
1602 1824 1662 1856 OF

303 1890 480 1930 BURRY,
511 1891 742 1924 LOZHARN
771 1891 901 1931 POOL,
934 1892 1146 1931 REWROZ,
1178 1893 1276 1925 THE
1308 1892 1661 1926 FULLING-MILL

303 1959 363 1992 OF
394 1959 574 1999 BURRY,
605 1960 683 1992 Ere.

741 2042 914 2085 [MARGAM
943 2042 1137 2086 Gruterum]

1034 2126 1073 2156 19
1097 2124 1190 2157 MAY.
1239 2126 1279 2157 16
1302 2124 1398 2157 Enw.
1424 2124 1472 2156 II.
1522 2125 1615 2156 1323.

238 2202 354 2236 Pateat
376 2203 533 2236 universis
554 2216 611 2246 per
633 2208 794 2246 presentes
810 2206 895 2247 quod
918 2217 978 2248 ego
1002 2206 1183 2238 Rom-:Erus
1206 2206 1246 2238 de
1268 2205 1406 2238 Pmuuzs
1426 2206 1533 2238 remisi
1549 2205 1604 2237 rel.
1629 2208 1661 2238 et

195 2282 279 2303 omn.
297 2283 327 2314 p.
345 2283 387 2303 m.
406 2274 439 2304 et
461 2271 527 2304 her.
544 2284 587 2304 m.
605 2276 637 2305 et
659 2284 717 2305 ass.
740 2273 817 2316 imp.
836 2285 865 2316 q.
883 2285 908 2306 e.
934 2274 1065 2306 domino
1088 2274 1284 2307 WlLLELMo
1306 2275 1346 2307 de
1369 2274 1401 2306 la
1424 2274 1525 2306 Lim:
1548 2274 1661 2305 rectori

194 2339 322 2372 ecclesie
338 2340 378 2372 de
394 2339 627 2381 Oxmwvcmz,
644 2341 708 2374 her.
727 2342 791 2374 suis
807 2344 837 2374 et
853 2353 911 2375 ass.
929 2345 1033 2375 totum
1049 2342 1102 2385 jus
1117 2354 1225 2375 meum
1241 2346 1272 2375 et
1289 2343 1444 2375 olameum
1461 2343 1546 2384 quod
1562 2341 1662 2374 habeo

347 2446 398 2472 60
