1820 2548
224 208 307 239 1112

180 364 344 406 capellano
360 362 445 404 quod
459 361 545 403 juste
561 363 593 392 et
609 360 675 392 sine
691 358 847 390 dilacione
862 360 971 389 teneat
987 356 1147 389 Bonnam
1162 357 1202 389 de
1217 356 1354 388 Pssnmss
1370 358 1403 388 et
1418 356 1540 388 Bunon
1552 355 1645 388 uxori

182 432 253 474 ejus
268 430 513 462 convcncionem
529 429 613 460 inter
628 439 680 460 eos
695 427 814 459 factam
830 427 869 458 de
885 426 1027 458 manerio
1043 426 1082 458 de
1099 424 1331 458 OXENEWYCH’
1348 436 1420 456 cum
1444 423 1646 467 pertinentiis

181 505 212 531 et
229 500 268 531 de
284 498 494 530 advocacione
510 496 636 529 ecclesio
652 495 797 538 ejusdem
813 494 960 537 manerij.
1007 494 1053 526 Et
1062 494 1124 526 nisi
1134 494 1244 526 feeerit
1259 519 1264 525 .
1277 496 1309 525 et
1319 493 1453 535 predicti
1463 492 1644 525 Ronmvrus

182 571 214 599 et
231 567 353 599 Eunai
369 566 504 598 fecerint
520 567 551 597 te
567 575 712 597 securum
729 564 768 595 de
784 563 897 595 olamio
912 574 968 595 suo
987 563 1127 605 presenti
1150 588 1156 594 .
1181 565 1259 594 tunc
1280 573 1445 594 summoue
1469 572 1525 604 per
1543 560 1644 593 bonos

182 635 425 668 summonitores
441 634 619 676 predictum
636 632 860 665 WILLELMUM
877 632 963 674 quod
979 631 1019 663 sit
1035 642 1140 663 eoram
1155 634 1187 663 te
1203 631 1245 662 ad
1260 630 1442 672 proximum
1457 629 1644 662 comitatum

183 709 327 737 nostrum
344 704 430 745 apud
447 702 615 734 PENNARD
632 703 833 733 ostensurum
849 711 946 742 quare
962 712 1027 732 non
1042 699 1160 732 fecerit.
1207 698 1253 730 Et
1267 698 1384 730 habeas
1404 697 1448 730 ibi
1471 697 1645 730 summoni-

183 776 266 804 tores
283 774 313 803 ct
329 771 387 803 hoc
402 770 506 802 breve.

225 840 348 872 Datum
364 840 450 881 apud
465 838 724 870 SWEYNESEYAM
740 849 796 879 per
807 848 921 868 manus
937 836 1116 879 cancellarij
1136 835 1235 868 nostri
1250 846 1341 867 xulJ.
1355 835 1407 866 die
1416 834 1499 866 Maii
1515 860 1521 866 .
1535 844 1621 866 anno
1634 859 1641 866 .

180 909 273 951 regni
290 934 296 939 .
316 908 416 950 Regis
434 932 440 939 .
458 907 628 939 Enmnm
647 931 652 937 .
671 905 893 937 sextodecimo.

226 977 356 1009 Virtute
394 976 444 1017 cuj
450 987 486 1007 us
515 974 620 1007 brevis
649 976 834 1016 preceptum
864 973 928 1004 fuit
957 972 1075 1005 ballivo
1106 972 1191 1014 quod
1221 973 1436 1003 summoueret
1466 970 1646 1013 predictum

181 1045 406 1078 WILLELMUM
446 1044 531 1086 quod
565 1046 645 1075 esset
679 1043 720 1074 ad
746 1042 905 1084 prefatum
929 1041 1116 1073 comitatum
1139 1043 1265 1072 tentum
1288 1040 1374 1082 apud
1397 1039 1564 1071 PENNARD
1594 1039 1645 1071 die

180 1113 274 1145 Lune
292 1139 298 1144 .
317 1112 474 1144 tricesimo
496 1137 502 1143 .
524 1111 575 1143 die
598 1110 680 1153 Maij
701 1136 707 1142 .
726 1121 809 1141 anno
827 1135 833 1141 .
852 1109 1042 1152 supradicto.
1087 1108 1144 1140 Ad
1160 1119 1254 1150 quem
1270 1108 1355 1139 diem
1379 1110 1485 1150 partes
1504 1107 1645 1149 predicte

180 1184 337 1213 venerunt
360 1184 390 1212 et
415 1181 454 1212 de
477 1179 607 1211 licencia
631 1178 811 1210 concordati
843 1181 915 1209 sunt
947 1177 1005 1209 sub
1029 1177 1088 1209 hac
1113 1177 1224 1209 forma.
1271 1176 1397 1208 Scilicet
1428 1176 1513 1217 quod
1542 1175 1646 1207 dictus

182 1250 362 1282 Romanum
385 1248 570 1290 recognovit
593 1247 771 1289 predictum
798 1247 977 1278 manerium
1002 1272 1007 1278 .
1033 1249 1065 1278 et
1095 1246 1338 1278 advocacionem
1368 1245 1543 1287 predictam
1573 1255 1646 1276 cum

181 1317 383 1361 pertinentiis
399 1328 463 1348 csse
478 1316 532 1358 jus
546 1316 646 1358 ipsius
662 1315 849 1347 WILLELMI
868 1341 873 1346 .
892 1314 948 1357 u[t
963 1313 1035 1357 illa]
1055 1326 1116 1356 que
1140 1314 1225 1346 idem
1249 1313 1462 1346 WILLELMUs
1485 1312 1582 1344 habet
1605 1313 1645 1344 de

182 1388 266 1419 dono
282 1386 359 1418 dicti
378 1385 540 1417 Romam.
587 1383 633 1416 Et
648 1395 705 1426 pro
720 1383 779 1415 hac
795 1383 1012 1426 recognitione
1028 1382 1090 1414 fine
1105 1384 1136 1414 et
1149 1382 1316 1414 concordia
1331 1382 1415 1413 idem
1431 1381 1646 1414 Wummuus

183 1455 333 1487 concessit
357 1453 449 1485 dictis
473 1452 633 1484 Ronmzro
656 1456 688 1484 et
712 1451 834 1484 BURGE
857 1451 1036 1494 predictum
1068 1450 1247 1482 manerium
1279 1461 1351 1482 cum
1382 1449 1584 1491 pertinentiis
1613 1451 1647 1481 et

183 1522 427 1555 advocaciouem
442 1515 618 1563 predictam
633 1523 665 1552 et
680 1520 736 1552 illa
752 1520 797 1552 eis
812 1519 953 1552 reddidit
968 1519 1003 1551 in
1019 1520 1130 1551 eodem
1149 1518 1319 1561 [comitatu
1344 1543 1350 1550 .
1375 1517 1574 1549 Habendum
1594 1515 1643 1559 et]

183 1591 360 1623 tenendum
384 1589 503 1621 eisdem
526 1588 687 1620 Romano
710 1591 741 1620 et
764 1588 886 1620 Bonos
910 1590 942 1619 et
965 1587 1134 1619 heredibus
1157 1597 1235 1629 quos
1257 1586 1344 1618 idem
1377 1585 1575 1628 [Romans
1607 1585 1647 1617 de

185 1658 330 1701 corpore]
346 1657 446 1700 ipsius
461 1657 584 1689 Busan
601 1656 813 1699 procreaverit
828 1657 868 1688 de
884 1655 1073 1698 capitalibus
1089 1655 1226 1687 dominis
1238 1654 1324 1686 feodi
1339 1654 1427 1686 illius
1441 1665 1497 1696 per
1517 1653 1647 1685 servicia

186 1739 247 1769 que
263 1727 304 1758 ad
320 1726 402 1757 illud
417 1725 596 1757 manerium
612 1727 643 1756 et
659 1725 901 1756 advocacionem
917 1723 1092 1765 predictam
1107 1723 1270 1765 pertinent
1292 1722 1536 1764 imperpetuum.
1587 1720 1649 1763 [Et

186 1796 212 1827 si
230 1795 409 1836 contin]gat
433 1794 518 1835 quod
541 1793 702 1835 predictus
725 1792 903 1824 RossEm-ns
925 1791 1038 1823 obierit
1069 1791 1135 1823 sine
1170 1791 1285 1823 herede
1316 1791 1355 1822 de
1390 1801 1516 1832 corpore
1549 1789 1648 1832 ipsius

188 1864 311 1895 Bmsss
331 1861 526 1906 [procreato]
547 1887 553 1892 .
572 1867 648 1893 tunc
664 1864 735 1903 post
750 1862 911 1892 decessum
928 1860 1069 1902 ipsorum
1085 1859 1239 1891 Romam
1264 1861 1296 1890 et
1323 1858 1445 1890 BURGE
1469 1857 1649 1900 predictum

186 1932 365 1963 manerium
381 1941 454 1962 cum
471 1929 672 1971 pertinentiis
688 1932 719 1960 et
735 1929 901 1960 advocacie
917 1928 1059 1970 predicta
1074 1928 1199 1970 integre
1214 1926 1425 1959 remanebunt
1441 1925 1593 1957 Rmsnno
1608 1925 1648 1957 de

188 2000 325 2032 Pes-ans
341 1998 434 2030 fratri
450 1997 594 2040 ejusdem
613 1997 781 2039 [Romarm
795 2000 827 2029 et
838 1995 1027 2039 heredi]bus
1038 1995 1185 2027 masculis
1195 1996 1234 2027 de
1250 2005 1376 2037 corpore
1386 2005 1442 2026 suo
1454 1993 1623 2036 procreatis
1639 2017 1646 2025 .

189 2067 379 2099 Tenendum
395 2066 434 2097 de
451 2065 640 2108 capitalibus
658 2065 809 2106 [dominis
824 2064 927 2107 feodi]
946 2064 1032 2096 illius
1043 2076 1100 2106 per
1112 2063 1241 2095 servicia
1253 2074 1314 2105 que
1326 2063 1366 2094 ad
1377 2062 1459 2094 illud
1471 2061 1649 2093 manerium

183 2138 215 2167 et
231 2134 473 2166 advocaeionem
489 2133 665 2175 predictam
680 2133 842 2175 pertinent
859 2133 1093 2175 inperpetuum.
1140 2131 1185 2163 Et
1201 2131 1227 2163 si
1243 2130 1409 2172 contingat
1431 2130 1517 2171 quod
1541 2129 1645 2161 dictus

187 2204 362 2236 RmARDUs
388 2201 501 2233 obierit
524 2201 591 2233 sine
617 2201 732 2233 herede
754 2201 892 2233 masculo
918 2201 971 2241 [de
998 2211 1126 2242 corpore
1153 2203 1220 2240 suo]
1253 2200 1415 2241 procreato
1441 2223 1448 2230 .
1477 2201 1553 2230 tunc
1576 2200 1648 2240 post

186 2272 348 2303 decessum
380 2270 479 2312 ipsius
503 2269 649 2301 Rumam
674 2269 853 2312 predictum
875 2268 1074 2311 m[anerium
1097 2279 1169 2301 cum
1192 2267 1394 2310 pertinentiis
1417 2268 1449 2298 et
1471 2265 1650 2308 aJdvocacio
