<?xml version="1.0" encoding="UTF-8"?>
<!DOCTYPE html PUBLIC "-//W3C//DTD XHTML 1.0 Transitional//EN"
    "http://www.w3.org/TR/xhtml1/DTD/xhtml1-transitional.dtd">
<html xmlns="http://www.w3.org/1999/xhtml" xml:lang="en" lang="en">
 <head>
  <title>
</title>
<meta http-equiv="Content-Type" content="text/html;charset=utf-8" />
  <meta name='ocr-system' content='tesseract 3.04.00' />
  <meta name='ocr-capabilities' content='ocr_page ocr_carea ocr_par ocr_line ocrx_word'/>
</head>
<body>
  <div class='ocr_page' id='page_1' title='image "./cartaeetaliamuni03claruoft_0291.png"; bbox 0 0 1820 2548; ppageno 0'>
   <div class='ocr_carea' id='block_1_1' title="bbox 1547 131 1610 162">
    <p class='ocr_par' dir='ltr' id='par_1_1' title="bbox 1547 131 1610 162">
     <span class='ocr_line' id='line_1_1' title="bbox 1547 131 1610 162; baseline 0.016 -1"><span class='ocrx_word' id='word_1_1' title='bbox 1547 131 1610 162; x_wconf 88' lang='lat'>993</span> 
     </span>
    </p>
   </div>
   <div class='ocr_carea' id='block_1_2' title="bbox 231 286 1652 329">
    <p class='ocr_par' dir='ltr' id='par_1_2' title="bbox 231 286 1652 329">
     <span class='ocr_line' id='line_1_2' title="bbox 231 286 1652 329; baseline 0 -10"><span class='ocrx_word' id='word_1_2' title='bbox 231 287 282 319; x_wconf 91' lang='lat' dir='ltr'>De</span> <span class='ocrx_word' id='word_1_3' title='bbox 305 299 422 320; x_wconf 86' lang='lat' dir='ltr'>wrecco</span> <span class='ocrx_word' id='word_1_4' title='bbox 449 287 577 329; x_wconf 88' lang='lat' dir='ltr'>insuper</span> <span class='ocrx_word' id='word_1_5' title='bbox 600 287 697 319; x_wconf 82' lang='lat' dir='ltr'>maris</span> <span class='ocrx_word' id='word_1_6' title='bbox 723 286 808 328; x_wconf 89' lang='lat' dir='ltr'>quod</span> <span class='ocrx_word' id='word_1_7' title='bbox 832 297 897 318; x_wconf 90' lang='grc'><strong>11011</strong></span> <span class='ocrx_word' id='word_1_8' title='bbox 922 286 1021 319; x_wconf 82' lang='lat' dir='ltr'>fuerit</span> <span class='ocrx_word' id='word_1_9' title='bbox 1045 286 1189 319; x_wconf 89' lang='lat' dir='ltr'>delatum</span> <span class='ocrx_word' id='word_1_10' title='bbox 1212 287 1252 318; x_wconf 92' lang='lat' dir='ltr'>de</span> <span class='ocrx_word' id='word_1_11' title='bbox 1282 286 1433 319; x_wconf 90' lang='lat' dir='ltr'>meremio</span> <span class='ocrx_word' id='word_1_12' title='bbox 1462 286 1529 318; x_wconf 82' lang='lat' dir='ltr'>lata</span> <span class='ocrx_word' id='word_1_13' title='bbox 1552 288 1652 319; x_wconf 90' lang='lat' dir='ltr'>securi</span> 
     </span>
    </p>
   </div>
   <div class='ocr_carea' id='block_1_3' title="bbox 187 354 1414 397">
    <p class='ocr_par' dir='ltr' id='par_1_3' title="bbox 187 354 1414 397">
     <span class='ocr_line' id='line_1_3' title="bbox 187 354 1414 397; baseline -0.001 -10"><span class='ocrx_word' id='word_1_14' title='bbox 187 356 307 388; x_wconf 89' lang='lat' dir='ltr'>eisdem</span> <span class='ocrx_word' id='word_1_15' title='bbox 323 355 506 396; x_wconf 68' lang='lat' dir='ltr'>hominibus</span> <span class='ocrx_word' id='word_1_16' title='bbox 520 355 636 387; x_wconf 89' lang='lat' dir='ltr'>nostris</span> <span class='ocrx_word' id='word_1_17' title='bbox 650 356 824 393; x_wconf 76' lang='lat' dir='ltr'>remaneat,</span> <span class='ocrx_word' id='word_1_18' title='bbox 841 354 1005 387; x_wconf 87' lang='lat' dir='ltr'>residuum</span> <span class='ocrx_word' id='word_1_19' title='bbox 1020 366 1094 386; x_wconf 89' lang='lat' dir='ltr'>vero</span> <span class='ocrx_word' id='word_1_20' title='bbox 1109 354 1176 397; x_wconf 88' lang='lat' dir='ltr'>juri</span> <span class='ocrx_word' id='word_1_21' title='bbox 1190 356 1299 386; x_wconf 89' lang='lat' dir='ltr'>nostro</span> <span class='ocrx_word' id='word_1_22' title='bbox 1314 355 1414 386; x_wconf 84' lang='lat' dir='ltr'>cedat.</span> 
     </span>
    </p>
   </div>
   <div class='ocr_carea' id='block_1_4' title="bbox 185 435 1652 752">
    <p class='ocr_par' dir='ltr' id='par_1_4' title="bbox 185 435 1652 752">
     <span class='ocr_line' id='line_1_4' title="bbox 231 435 1651 478; baseline -0.001 -10"><span class='ocrx_word' id='word_1_23' title='bbox 231 435 316 468; x_wconf 91' lang='lat' dir='ltr'>Item</span> <span class='ocrx_word' id='word_1_24' title='bbox 331 436 478 468; x_wconf 88' lang='lat' dir='ltr'>volumus</span> <span class='ocrx_word' id='word_1_25' title='bbox 499 438 532 468; x_wconf 87' lang='lat' dir='ltr'>et</span> <span class='ocrx_word' id='word_1_26' title='bbox 546 435 747 468; x_wconf 75' lang='lat' dir='ltr'>concedimus</span> <span class='ocrx_word' id='word_1_27' title='bbox 763 435 849 477; x_wconf 90' lang='lat' dir='ltr'>quod</span> <span class='ocrx_word' id='word_1_28' title='bbox 868 446 977 467; x_wconf 85' lang='lat' dir='ltr'>omnes</span> <span class='ocrx_word' id='word_1_29' title='bbox 992 437 1024 467; x_wconf 92' lang='lat' dir='ltr'>et</span> <span class='ocrx_word' id='word_1_30' title='bbox 1039 435 1161 478; x_wconf 82' lang='lat' dir='ltr'>singuli</span> <span class='ocrx_word' id='word_1_31' title='bbox 1176 435 1316 467; x_wconf 86' lang='lat' dir='ltr'>ministri</span> <span class='ocrx_word' id='word_1_32' title='bbox 1331 435 1432 467; x_wconf 86' lang='lat' dir='ltr'>nostri</span> <span class='ocrx_word' id='word_1_33' title='bbox 1448 435 1481 466; x_wconf 89' lang='lat' dir='ltr'>in</span> <span class='ocrx_word' id='word_1_34' title='bbox 1498 435 1651 467; x_wconf 85' lang='lat' dir='ltr'>comitatu</span> 
     </span>
     <span class='ocr_line' id='line_1_5' title="bbox 187 503 1652 546; baseline -0.001 -9"><span class='ocrx_word' id='word_1_35' title='bbox 187 505 390 537; x_wconf 61' lang='lat' dir='ltr'>Anomcmo</span> <span class='ocrx_word' id='word_1_36' title='bbox 410 505 622 546; x_wconf 72' lang='lat' dir='ltr'><strong>respondeam:</strong></span> <span class='ocrx_word' id='word_1_37' title='bbox 644 503 800 536; x_wconf 87' lang='lat' dir='ltr'>universis</span> <span class='ocrx_word' id='word_1_38' title='bbox 823 504 863 536; x_wconf 92' lang='lat' dir='ltr'>de</span> <span class='ocrx_word' id='word_1_39' title='bbox 886 515 918 535; x_wconf 90' lang='lat' dir='ltr'>se</span> <span class='ocrx_word' id='word_1_40' title='bbox 941 503 1209 546; x_wconf 79' lang='lat' dir='ltr'>conquerentibus</span> <span class='ocrx_word' id='word_1_41' title='bbox 1231 504 1272 535; x_wconf 87' lang='lat' dir='ltr'>ad</span> <span class='ocrx_word' id='word_1_42' title='bbox 1293 503 1461 535; x_wconf 88' lang='lat' dir='ltr'>veritatem</span> <span class='ocrx_word' id='word_1_43' title='bbox 1484 503 1562 535; x_wconf 81' lang='lat' dir='ltr'>facti</span> <span class='ocrx_word' id='word_1_44' title='bbox 1585 504 1652 535; x_wconf 89' lang='lat' dir='ltr'>sine</span> 
     </span>
     <span class='ocr_line' id='line_1_6' title="bbox 187 571 1652 615; baseline -0.001 -10"><span class='ocrx_word' id='word_1_45' title='bbox 187 573 423 615; x_wconf 67' lang='lat' dir='ltr'>sollempnitate</span> <span class='ocrx_word' id='word_1_46' title='bbox 438 572 632 604; x_wconf 85' lang='lat' dir='ltr'>narracionis</span> <span class='ocrx_word' id='word_1_47' title='bbox 647 572 686 604; x_wconf 90' lang='lat' dir='ltr'>de</span> <span class='ocrx_word' id='word_1_48' title='bbox 701 571 832 614; x_wconf 82' lang='lat' dir='ltr'>injuriis</span> <span class='ocrx_word' id='word_1_49' title='bbox 852 574 884 604; x_wconf 86' lang='lat' dir='ltr'>et</span> <span class='ocrx_word' id='word_1_50' title='bbox 903 571 1144 614; x_wconf 84' lang='lat' dir='ltr'>gravaminibus</span> <span class='ocrx_word' id='word_1_51' title='bbox 1167 571 1286 604; x_wconf 89' lang='lat' dir='ltr'>eisdem</span> <span class='ocrx_word' id='word_1_52' title='bbox 1307 583 1364 614; x_wconf 91' lang='lat' dir='ltr'>per</span> <span class='ocrx_word' id='word_1_53' title='bbox 1383 572 1468 614; x_wconf 88' lang='lat' dir='ltr'>ipsos</span> <span class='ocrx_word' id='word_1_54' title='bbox 1490 572 1652 604; x_wconf 88' lang='lat' dir='ltr'>ministros</span> 
     </span>
     <span class='ocr_line' id='line_1_7' title="bbox 186 624 1651 684; baseline -0.001 -9"><span class='ocrx_word' id='word_1_55' title='bbox 186 642 295 682; x_wconf 87' lang='lat' dir='ltr'>illatis,</span> <span class='ocrx_word' id='word_1_56' title='bbox 311 644 343 674; x_wconf 88' lang='lat' dir='ltr'>et</span> <span class='ocrx_word' id='word_1_57' title='bbox 365 641 592 684; x_wconf 76' lang='lat' dir='ltr'>adjudicentur</span> <span class='ocrx_word' id='word_1_58' title='bbox 614 624 750 673; x_wconf 69' lang='lat' dir='ltr'>emendev</span> <span class='ocrx_word' id='word_1_59' title='bbox 767 644 799 673; x_wconf 89' lang='lat' dir='ltr'>et</span> <span class='ocrx_word' id='word_1_60' title='bbox 814 641 1036 673; x_wconf 87' lang='lat' dir='ltr'>restituciones</span> <span class='ocrx_word' id='word_1_61' title='bbox 1056 652 1091 674; x_wconf 88' lang='lat' dir='ltr'>ac</span> <span class='ocrx_word' id='word_1_62' title='bbox 1107 641 1315 673; x_wconf 87' lang='lat' dir='ltr'>correcciones</span> <span class='ocrx_word' id='word_1_63' title='bbox 1330 641 1505 673; x_wconf 87' lang='lat' dir='ltr'>secundum</span> <span class='ocrx_word' id='word_1_64' title='bbox 1519 642 1651 673; x_wconf 90' lang='lat' dir='ltr'>modum</span> 
     </span>
     <span class='ocr_line' id='line_1_8' title="bbox 185 709 1649 752; baseline -0.001 -8"><span class='ocrx_word' id='word_1_65' title='bbox 185 711 294 744; x_wconf 89' lang='lat' dir='ltr'>delicti</span> <span class='ocrx_word' id='word_1_66' title='bbox 324 713 355 743; x_wconf 87' lang='lat' dir='ltr'>et</span> <span class='ocrx_word' id='word_1_67' title='bbox 385 710 598 752; x_wconf 85' lang='lat' dir='ltr'>quantitatem</span> <span class='ocrx_word' id='word_1_68' title='bbox 627 721 684 752; x_wconf 87' lang='lat' dir='ltr'>per</span> <span class='ocrx_word' id='word_1_69' title='bbox 713 709 860 752; x_wconf 86' lang='lat' dir='ltr'>ejusdem</span> <span class='ocrx_word' id='word_1_70' title='bbox 890 709 1060 742; x_wconf 73' lang='lat' dir='ltr'>comitatus</span> <span class='ocrx_word' id='word_1_71' title='bbox 1089 709 1376 742; x_wconf 77' lang='lat' dir='ltr'>consideracionem</span> <span class='ocrx_word' id='word_1_72' title='bbox 1409 735 1415 742; x_wconf 88' lang='lat'><strong><em>.</em></strong></span> <span class='ocrx_word' id='word_1_73' title='bbox 1447 713 1479 742; x_wconf 88' lang='lat' dir='ltr'>et</span> <span class='ocrx_word' id='word_1_74' title='bbox 1503 711 1588 752; x_wconf 89' lang='lat' dir='ltr'>quod</span> <span class='ocrx_word' id='word_1_75' title='bbox 1616 710 1649 742; x_wconf 89' lang='lat' dir='ltr'>in</span> 
     </span>
    </p>
   </div>
   <div class='ocr_carea' id='block_1_5' title="bbox 186 778 744 822">
    <p class='ocr_par' dir='ltr' id='par_1_5' title="bbox 186 778 744 822">
     <span class='ocr_line' id='line_1_9' title="bbox 186 778 744 822; baseline -0.004 -10"><span class='ocrx_word' id='word_1_76' title='bbox 186 779 346 822; x_wconf 79' lang='lat' dir='ltr'>premissis</span> <span class='ocrx_word' id='word_1_77' title='bbox 360 778 504 811; x_wconf 82' lang='lat' dir='ltr'>executio</span> <span class='ocrx_word' id='word_1_78' title='bbox 519 778 663 820; x_wconf 84' lang='lat' dir='ltr'>plenaria</span> <span class='ocrx_word' id='word_1_79' title='bbox 679 778 744 810; x_wconf 87' lang='lat' dir='ltr'>fiat.</span> 
     </span>
    </p>
   </div>
   <div class='ocr_carea' id='block_1_6' title="bbox 182 859 1653 1109">
    <p class='ocr_par' dir='ltr' id='par_1_6' title="bbox 182 859 1653 1109">
     <span class='ocr_line' id='line_1_10' title="bbox 228 859 1652 907; baseline 0.001 -16"><span class='ocrx_word' id='word_1_80' title='bbox 228 860 379 892; x_wconf 84' lang='lat' dir='ltr'>Preterea</span> <span class='ocrx_word' id='word_1_81' title='bbox 392 859 540 891; x_wconf 87' lang='lat' dir='ltr'>volumus</span> <span class='ocrx_word' id='word_1_82' title='bbox 555 862 587 891; x_wconf 90' lang='lat' dir='ltr'>et</span> <span class='ocrx_word' id='word_1_83' title='bbox 603 859 805 891; x_wconf 81' lang='lat' dir='ltr'>concedimus</span> <span class='ocrx_word' id='word_1_84' title='bbox 820 859 905 901; x_wconf 90' lang='lat' dir='ltr'>quod</span> <span class='ocrx_word' id='word_1_85' title='bbox 917 859 1102 907; x_wconf 82' lang='lat' dir='ltr'>passagium</span> <span class='ocrx_word' id='word_1_86' title='bbox 1114 860 1154 891; x_wconf 91' lang='lat' dir='ltr'>de</span> <span class='ocrx_word' id='word_1_87' title='bbox 1169 859 1368 892; x_wconf 75' lang='lat' dir='ltr'>SVENESEYA</span> <span class='ocrx_word' id='word_1_88' title='bbox 1380 862 1486 902; x_wconf 88' lang='lat' dir='ltr'>presto</span> <span class='ocrx_word' id='word_1_89' title='bbox 1495 860 1652 893; x_wconf 74' lang='lat' dir='ltr'>habeatur</span> 
     </span>
     <span class='ocr_line' id='line_1_11' title="bbox 184 927 1653 970; baseline 0.001 -9"><span class='ocrx_word' id='word_1_90' title='bbox 184 928 333 961; x_wconf 89' lang='lat' dir='ltr'>omnibus</span> <span class='ocrx_word' id='word_1_91' title='bbox 348 930 380 960; x_wconf 91' lang='lat' dir='ltr'>et</span> <span class='ocrx_word' id='word_1_92' title='bbox 395 927 532 970; x_wconf 86' lang='lat' dir='ltr'>singulis</span> <span class='ocrx_word' id='word_1_93' title='bbox 546 927 730 960; x_wconf 89' lang='lat' dir='ltr'>hominibus</span> <span class='ocrx_word' id='word_1_94' title='bbox 744 928 895 970; x_wconf 75' lang='lat' dir='ltr'>predictis</span> <span class='ocrx_word' id='word_1_95' title='bbox 912 953 918 959; x_wconf 89' lang='lat'>.</span> <span class='ocrx_word' id='word_1_96' title='bbox 936 930 967 960; x_wconf 86' lang='lat' dir='ltr'>et</span> <span class='ocrx_word' id='word_1_97' title='bbox 983 928 1023 960; x_wconf 91' lang='lat' dir='ltr'>de</span> <span class='ocrx_word' id='word_1_98' title='bbox 1053 939 1163 960; x_wconf 89' lang='lat' dir='ltr'>eorum</span> <span class='ocrx_word' id='word_1_99' title='bbox 1178 930 1372 970; x_wconf 81' lang='lat' dir='ltr'>manupastu</span> <span class='ocrx_word' id='word_1_100' title='bbox 1395 929 1606 962; x_wconf 80' lang='lat' dir='ltr'>existentibus</span> <span class='ocrx_word' id='word_1_101' title='bbox 1621 933 1653 962; x_wconf 90' lang='lat' dir='ltr'>et</span> 
     </span>
     <span class='ocr_line' id='line_1_12' title="bbox 184 996 1653 1040; baseline 0.001 -10"><span class='ocrx_word' id='word_1_102' title='bbox 184 996 377 1031; x_wconf 83' lang='lat' dir='ltr'>animalibus</span> <span class='ocrx_word' id='word_1_103' title='bbox 392 1008 512 1036; x_wconf 88' lang='lat' dir='ltr'>eorum,</span> <span class='ocrx_word' id='word_1_104' title='bbox 529 1008 565 1029; x_wconf 85' lang='lat' dir='ltr'>ac</span> <span class='ocrx_word' id='word_1_105' title='bbox 580 996 674 1029; x_wconf 86' lang='lat' dir='ltr'>rebus</span> <span class='ocrx_word' id='word_1_106' title='bbox 689 996 846 1029; x_wconf 86' lang='lat' dir='ltr'>universis</span> <span class='ocrx_word' id='word_1_107' title='bbox 868 997 1095 1039; x_wconf 84' lang='lat' dir='ltr'>inperpetuum</span> <span class='ocrx_word' id='word_1_108' title='bbox 1117 997 1186 1029; x_wconf 89' lang='lat' dir='ltr'>sine</span> <span class='ocrx_word' id='word_1_109' title='bbox 1208 997 1306 1029; x_wconf 82' lang='lat' dir='ltr'>naulo</span> <span class='ocrx_word' id='word_1_110' title='bbox 1329 997 1531 1037; x_wconf 82' lang='lat' dir='ltr'>conferendo,</span> <span class='ocrx_word' id='word_1_111' title='bbox 1548 1001 1653 1040; x_wconf 88' lang='lat' dir='ltr'>preter</span> 
     </span>
     <span class='ocr_line' id='line_1_13' title="bbox 182 1064 1653 1109; baseline 0.001 -11"><span class='ocrx_word' id='word_1_112' title='bbox 182 1076 384 1099; x_wconf 89' lang='lat' dir='ltr'>communem</span> <span class='ocrx_word' id='word_1_113' title='bbox 414 1065 578 1097; x_wconf 81' lang='lat' dir='ltr'>collectam</span> <span class='ocrx_word' id='word_1_114' title='bbox 608 1064 782 1108; x_wconf 77' lang='lat' dir='ltr'>garbarum</span> <span class='ocrx_word' id='word_1_115' title='bbox 812 1077 909 1108; x_wconf 82' lang='lat' dir='ltr'>quam</span> <span class='ocrx_word' id='word_1_116' title='bbox 939 1068 1043 1098; x_wconf 89' lang='lat' dir='ltr'>custos</span> <span class='ocrx_word' id='word_1_117' title='bbox 1073 1065 1151 1098; x_wconf 88' lang='lat' dir='ltr'>dicti</span> <span class='ocrx_word' id='word_1_118' title='bbox 1180 1066 1320 1109; x_wconf 84' lang='lat' dir='ltr'>passagii</span> <span class='ocrx_word' id='word_1_119' title='bbox 1345 1066 1442 1098; x_wconf 80' lang='lat' dir='ltr'>faciet</span> <span class='ocrx_word' id='word_1_120' title='bbox 1466 1067 1492 1099; x_wconf 91' lang='lat' dir='ltr'>si</span> <span class='ocrx_word' id='word_1_121' title='bbox 1517 1068 1653 1100; x_wconf 89' lang='lat' dir='ltr'>voluerit</span> 
     </span>
    </p>
   </div>
   <div class='ocr_carea' id='block_1_7' title="bbox 183 1133 514 1177">
    <p class='ocr_par' dir='ltr' id='par_1_7' title="bbox 183 1133 514 1177">
     <span class='ocr_line' id='line_1_14' title="bbox 183 1133 514 1177; baseline -0.009 -9"><span class='ocrx_word' id='word_1_122' title='bbox 183 1137 326 1177; x_wconf 87' lang='lat' dir='ltr'>tempore</span> <span class='ocrx_word' id='word_1_123' title='bbox 340 1133 514 1166; x_wconf 86' lang='lat' dir='ltr'>messionis.</span> 
     </span>
    </p>
   </div>
   <div class='ocr_carea' id='block_1_8' title="bbox 183 1215 1654 1328">
    <p class='ocr_par' dir='ltr' id='par_1_8' title="bbox 183 1215 1654 1328">
     <span class='ocr_line' id='line_1_15' title="bbox 227 1215 1653 1257; baseline 0.001 -10"><span class='ocrx_word' id='word_1_124' title='bbox 227 1215 273 1248; x_wconf 86' lang='lat' dir='ltr'>Et</span> <span class='ocrx_word' id='word_1_125' title='bbox 288 1215 314 1247; x_wconf 90' lang='lat' dir='ltr'>si</span> <span class='ocrx_word' id='word_1_126' title='bbox 330 1215 431 1257; x_wconf 79' lang='lat' dir='ltr'>aliqui</span> <span class='ocrx_word' id='word_1_127' title='bbox 445 1215 661 1257; x_wconf 86' lang='lat' dir='ltr'>predictorum</span> <span class='ocrx_word' id='word_1_128' title='bbox 675 1215 821 1257; x_wconf 83' lang='lat' dir='ltr'>requisiti</span> <span class='ocrx_word' id='word_1_129' title='bbox 843 1215 975 1257; x_wconf 84' lang='lat' dir='ltr'>gerbam</span> <span class='ocrx_word' id='word_1_130' title='bbox 996 1215 1117 1248; x_wconf 85' lang='lat' dir='ltr'>solvere</span> <span class='ocrx_word' id='word_1_131' title='bbox 1135 1216 1361 1256; x_wconf 80' lang='lat' dir='ltr'>recusaverint,</span> <span class='ocrx_word' id='word_1_132' title='bbox 1378 1216 1504 1248; x_wconf 84' lang='lat' dir='ltr'>solvant</span> <span class='ocrx_word' id='word_1_133' title='bbox 1519 1218 1653 1250; x_wconf 85' lang='lat' dir='ltr'>naulum</span> 
     </span>
     <span class='ocr_line' id='line_1_16' title="bbox 183 1283 1654 1328; baseline 0.001 -12"><span class='ocrx_word' id='word_1_134' title='bbox 183 1295 256 1316; x_wconf 80' lang='lat' dir='ltr'>oum</span> <span class='ocrx_word' id='word_1_135' title='bbox 270 1284 431 1316; x_wconf 82' lang='lat' dir='ltr'>voluerint</span> <span class='ocrx_word' id='word_1_136' title='bbox 446 1283 662 1316; x_wconf 78' lang='lat' dir='ltr'>transfretare.</span> <span class='ocrx_word' id='word_1_137' title='bbox 708 1283 754 1315; x_wconf 78' lang='lat' dir='ltr'>Et</span> <span class='ocrx_word' id='word_1_138' title='bbox 770 1284 795 1316; x_wconf 93' lang='lat' dir='ltr'>si</span> <span class='ocrx_word' id='word_1_139' title='bbox 811 1283 915 1316; x_wconf 88' lang='lat' dir='ltr'>dictus</span> <span class='ocrx_word' id='word_1_140' title='bbox 931 1286 1035 1316; x_wconf 87' lang='lat' dir='ltr'>custos</span> <span class='ocrx_word' id='word_1_141' title='bbox 1051 1295 1145 1326; x_wconf 88' lang='lat' dir='ltr'>super</span> <span class='ocrx_word' id='word_1_142' title='bbox 1159 1285 1357 1327; x_wconf 86' lang='lat' dir='ltr'>neglicencia</span> <span class='ocrx_word' id='word_1_143' title='bbox 1369 1285 1584 1325; x_wconf 87' lang='lat' dir='ltr'>convincatur,</span> <span class='ocrx_word' id='word_1_144' title='bbox 1597 1298 1654 1328; x_wconf 83' lang='lat' dir='ltr'>pro</span> 
     </span>
    </p>
   </div>
   <div class='ocr_carea' id='block_1_9' title="bbox 185 1352 700 1395">
    <p class='ocr_par' dir='ltr' id='par_1_9' title="bbox 185 1352 700 1395">
     <span class='ocr_line' id='line_1_17' title="bbox 185 1352 700 1395; baseline -0.002 -10"><span class='ocrx_word' id='word_1_145' title='bbox 185 1352 347 1386; x_wconf 85' lang='lat' dir='ltr'>demeritis</span> <span class='ocrx_word' id='word_1_146' title='bbox 361 1352 516 1394; x_wconf 82' lang='lat' dir='ltr'>puniatur</span> <span class='ocrx_word' id='word_1_147' title='bbox 532 1353 700 1395; x_wconf 85' lang='lat' dir='ltr'>condigne.</span> 
     </span>
    </p>
   </div>
   <div class='ocr_carea' id='block_1_10' title="bbox 185 1432 1654 1615">
    <p class='ocr_par' dir='ltr' id='par_1_10' title="bbox 185 1432 1654 1615">
     <span class='ocr_line' id='line_1_18' title="bbox 229 1432 1653 1477; baseline 0.003 -12"><span class='ocrx_word' id='word_1_148' title='bbox 229 1432 299 1465; x_wconf 93' lang='lat' dir='ltr'>Nos</span> <span class='ocrx_word' id='word_1_149' title='bbox 320 1444 394 1465; x_wconf 90' lang='lat' dir='ltr'>vero</span> <span class='ocrx_word' id='word_1_150' title='bbox 416 1445 475 1465; x_wconf 84' lang='lat' dir='ltr'>nec</span> <span class='ocrx_word' id='word_1_151' title='bbox 497 1433 613 1475; x_wconf 82' lang='lat' dir='ltr'>aliquis</span> <span class='ocrx_word' id='word_1_152' title='bbox 635 1434 854 1466; x_wconf 84' lang='lat' dir='ltr'>ministrorum</span> <span class='ocrx_word' id='word_1_153' title='bbox 885 1437 1067 1466; x_wconf 89' lang='lat' dir='ltr'>nostrorum</span> <span class='ocrx_word' id='word_1_154' title='bbox 1097 1446 1163 1466; x_wconf 90' lang='lat' dir='ltr'>non</span> <span class='ocrx_word' id='word_1_155' title='bbox 1192 1435 1352 1477; x_wconf 86' lang='lat' dir='ltr'>capiemus</span> <span class='ocrx_word' id='word_1_156' title='bbox 1375 1436 1518 1468; x_wconf 87' lang='lat' dir='ltr'>decetero</span> <span class='ocrx_word' id='word_1_157' title='bbox 1548 1436 1653 1476; x_wconf 78' lang='lat' dir='ltr'>blada,</span> 
     </span>
     <span class='ocr_line' id='line_1_19' title="bbox 185 1501 1654 1546; baseline 0.003 -13"><span class='ocrx_word' id='word_1_158' title='bbox 185 1501 294 1544; x_wconf 84' lang='lat' dir='ltr'>pisces,</span> <span class='ocrx_word' id='word_1_159' title='bbox 312 1512 367 1533; x_wconf 89' lang='lat' dir='ltr'>seu</span> <span class='ocrx_word' id='word_1_160' title='bbox 382 1501 512 1543; x_wconf 84' lang='lat' dir='ltr'>aliquod</span> <span class='ocrx_word' id='word_1_161' title='bbox 527 1513 630 1544; x_wconf 88' lang='lat' dir='ltr'>genus</span> <span class='ocrx_word' id='word_1_162' title='bbox 645 1502 844 1543; x_wconf 83' lang='lat' dir='ltr'>animalium,</span> <span class='ocrx_word' id='word_1_163' title='bbox 861 1503 912 1534; x_wconf 91' lang='lat' dir='ltr'>vel</span> <span class='ocrx_word' id='word_1_164' title='bbox 928 1503 1036 1545; x_wconf 89' lang='lat' dir='ltr'>aliqua</span> <span class='ocrx_word' id='word_1_165' title='bbox 1054 1503 1118 1535; x_wconf 81' lang='lat' dir='ltr'>alia</span> <span class='ocrx_word' id='word_1_166' title='bbox 1141 1503 1257 1535; x_wconf 85' lang='lat' dir='ltr'>catalla</span> <span class='ocrx_word' id='word_1_167' title='bbox 1279 1503 1417 1546; x_wconf 81' lang='lat' dir='ltr'>alicujus</span> <span class='ocrx_word' id='word_1_168' title='bbox 1439 1505 1654 1546; x_wconf 84' lang='lat' dir='ltr'>predictorum</span> 
     </span>
     <span class='ocr_line' id='line_1_20' title="bbox 186 1570 1652 1615; baseline 0.003 -14"><span class='ocrx_word' id='word_1_169' title='bbox 186 1570 363 1608; x_wconf 88' lang='lat' dir='ltr'>hominum,</span> <span class='ocrx_word' id='word_1_170' title='bbox 387 1570 448 1602; x_wconf 90' lang='lat' dir='ltr'>nisi</span> <span class='ocrx_word' id='word_1_171' title='bbox 471 1570 578 1602; x_wconf 84' lang='lat' dir='ltr'>statim</span> <span class='ocrx_word' id='word_1_172' title='bbox 594 1571 766 1603; x_wconf 86' lang='lat' dir='ltr'>reddamus</span> <span class='ocrx_word' id='word_1_173' title='bbox 787 1571 863 1603; x_wconf 88' lang='lat' dir='ltr'>inde</span> <span class='ocrx_word' id='word_1_174' title='bbox 878 1571 1029 1613; x_wconf 89' lang='lat' dir='ltr'>precium,</span> <span class='ocrx_word' id='word_1_175' title='bbox 1054 1574 1110 1604; x_wconf 87' lang='lat' dir='ltr'>aut</span> <span class='ocrx_word' id='word_1_176' title='bbox 1132 1574 1310 1614; x_wconf 87' lang='lat' dir='ltr'>respectum</span> <span class='ocrx_word' id='word_1_177' title='bbox 1333 1572 1408 1604; x_wconf 87' lang='lat' dir='ltr'>inde</span> <span class='ocrx_word' id='word_1_178' title='bbox 1423 1572 1539 1605; x_wconf 88' lang='lat' dir='ltr'>habere</span> <span class='ocrx_word' id='word_1_179' title='bbox 1555 1574 1652 1615; x_wconf 88' lang='lat' dir='ltr'>possi-</span> 
     </span>
    </p>
   </div>
   <div class='ocr_carea' id='block_1_11' title="bbox 185 1638 1324 1682">
    <p class='ocr_par' dir='ltr' id='par_1_11' title="bbox 185 1638 1324 1682">
     <span class='ocr_line' id='line_1_21' title="bbox 185 1638 1324 1682; baseline 0.003 -13"><span class='ocrx_word' id='word_1_180' title='bbox 185 1649 266 1677; x_wconf 89' lang='lat' dir='ltr'>mus,</span> <span class='ocrx_word' id='word_1_181' title='bbox 283 1638 322 1670; x_wconf 88' lang='lat' dir='ltr'>de</span> <span class='ocrx_word' id='word_1_182' title='bbox 338 1649 466 1670; x_wconf 81' lang='lat' dir='ltr'>assensu</span> <span class='ocrx_word' id='word_1_183' title='bbox 481 1640 513 1670; x_wconf 89' lang='lat' dir='ltr'>et</span> <span class='ocrx_word' id='word_1_184' title='bbox 527 1638 693 1671; x_wconf 85' lang='lat' dir='ltr'>voluntate</span> <span class='ocrx_word' id='word_1_185' title='bbox 708 1639 796 1672; x_wconf 88' lang='lat' dir='ltr'>illius</span> <span class='ocrx_word' id='word_1_186' title='bbox 811 1640 867 1682; x_wconf 90' lang='lat' dir='ltr'>qui</span> <span class='ocrx_word' id='word_1_187' title='bbox 881 1651 950 1672; x_wconf 89' lang='lat' dir='ltr'>rem</span> <span class='ocrx_word' id='word_1_188' title='bbox 965 1641 1112 1682; x_wconf 81' lang='lat' dir='ltr'>exposuit</span> <span class='ocrx_word' id='word_1_189' title='bbox 1128 1640 1324 1672; x_wconf 89' lang='lat' dir='ltr'>vendicione.</span> 
     </span>
    </p>
   </div>
   <div class='ocr_carea' id='block_1_12' title="bbox 183 1718 1652 2175">
    <p class='ocr_par' dir='ltr' id='par_1_12' title="bbox 183 1718 1652 2175">
     <span class='ocr_line' id='line_1_22' title="bbox 229 1718 1652 1764; baseline 0.003 -14"><span class='ocrx_word' id='word_1_190' title='bbox 229 1718 299 1751; x_wconf 89' lang='lat' dir='ltr'>Nec</span> <span class='ocrx_word' id='word_1_191' title='bbox 314 1718 429 1760; x_wconf 83' lang='lat' dir='ltr'>aliquis</span> <span class='ocrx_word' id='word_1_192' title='bbox 449 1719 656 1761; x_wconf 81' lang='lat' dir='ltr'>imposterum</span> <span class='ocrx_word' id='word_1_193' title='bbox 677 1721 866 1753; x_wconf 87' lang='lat' dir='ltr'>amercietur</span> <span class='ocrx_word' id='word_1_194' title='bbox 881 1721 943 1753; x_wconf 89' lang='lat' dir='ltr'>nisi</span> <span class='ocrx_word' id='word_1_195' title='bbox 958 1721 992 1753; x_wconf 92' lang='lat' dir='ltr'>in</span> <span class='ocrx_word' id='word_1_196' title='bbox 1008 1721 1096 1753; x_wconf 87' lang='lat' dir='ltr'>curia</span> <span class='ocrx_word' id='word_1_197' title='bbox 1111 1721 1145 1753; x_wconf 92' lang='lat' dir='ltr'>in</span> <span class='ocrx_word' id='word_1_198' title='bbox 1161 1733 1225 1764; x_wconf 79' lang='lat' dir='ltr'>qua</span> <span class='ocrx_word' id='word_1_199' title='bbox 1240 1722 1280 1753; x_wconf 89' lang='lat' dir='ltr'>de</span> <span class='ocrx_word' id='word_1_200' title='bbox 1293 1721 1365 1764; x_wconf 85' lang='lat' dir='ltr'>jure</span> <span class='ocrx_word' id='word_1_201' title='bbox 1381 1722 1533 1764; x_wconf 77' lang='lat' dir='ltr'>placitare</span> <span class='ocrx_word' id='word_1_202' title='bbox 1548 1722 1652 1763; x_wconf 86' lang='lat' dir='ltr'>debet,</span> 
     </span>
     <span class='ocr_line' id='line_1_23' title="bbox 184 1787 1650 1832; baseline 0.001 -12"><span class='ocrx_word' id='word_1_203' title='bbox 184 1791 217 1820; x_wconf 88' lang='lat' dir='ltr'>et</span> <span class='ocrx_word' id='word_1_204' title='bbox 239 1787 298 1819; x_wconf 79' lang='lat' dir='ltr'>hoc</span> <span class='ocrx_word' id='word_1_205' title='bbox 319 1787 440 1829; x_wconf 82' lang='lat' dir='ltr'>judicio</span> <span class='ocrx_word' id='word_1_206' title='bbox 462 1787 607 1829; x_wconf 80' lang='lat' dir='ltr'>ejusdem</span> <span class='ocrx_word' id='word_1_207' title='bbox 630 1788 724 1828; x_wconf 82' lang='lat' dir='ltr'>curie,</span> <span class='ocrx_word' id='word_1_208' title='bbox 749 1791 796 1821; x_wconf 86' lang='lat' dir='ltr'>set</span> <span class='ocrx_word' id='word_1_209' title='bbox 818 1801 875 1821; x_wconf 90' lang='lat' dir='ltr'>nec</span> <span class='ocrx_word' id='word_1_210' title='bbox 898 1792 975 1822; x_wconf 82' lang='lat' dir='ltr'>tunc</span> <span class='ocrx_word' id='word_1_211' title='bbox 997 1791 1127 1832; x_wconf 87' lang='lat' dir='ltr'>quidem</span> <span class='ocrx_word' id='word_1_212' title='bbox 1152 1791 1236 1822; x_wconf 87' lang='lat' dir='ltr'>ultra</span> <span class='ocrx_word' id='word_1_213' title='bbox 1258 1790 1413 1822; x_wconf 83' lang='lat' dir='ltr'>usitatum</span> <span class='ocrx_word' id='word_1_214' title='bbox 1433 1793 1464 1822; x_wconf 88' lang='lat' dir='ltr'>et</span> <span class='ocrx_word' id='word_1_215' title='bbox 1480 1790 1650 1832; x_wconf 87' lang='lat' dir='ltr'>antiquum</span> 
     </span>
     <span class='ocr_line' id='line_1_24' title="bbox 185 1855 1651 1898; baseline 0.002 -10"><span class='ocrx_word' id='word_1_216' title='bbox 185 1855 287 1898; x_wconf 84' lang='lat' dir='ltr'>patrie</span> <span class='ocrx_word' id='word_1_217' title='bbox 309 1855 600 1893; x_wconf 83' lang='lat' dir='ltr'>amerciamentum,</span> <span class='ocrx_word' id='word_1_218' title='bbox 624 1856 771 1889; x_wconf 87' lang='lat' dir='ltr'>videlicet</span> <span class='ocrx_word' id='word_1_219' title='bbox 793 1857 827 1889; x_wconf 90' lang='lat' dir='ltr'>in</span> <span class='ocrx_word' id='word_1_220' title='bbox 851 1858 938 1890; x_wconf 88' lang='lat' dir='ltr'>curia</span> <span class='ocrx_word' id='word_1_221' title='bbox 964 1859 1179 1890; x_wconf 85' lang='lat' dir='ltr'>maneriorum</span> <span class='ocrx_word' id='word_1_222' title='bbox 1201 1859 1236 1890; x_wconf 87' lang='lat' dir='ltr'>&#39;m</span> <span class='ocrx_word' id='word_1_223' title='bbox 1259 1858 1433 1891; x_wconf 85' lang='lat' dir='ltr'>octodecim</span> <span class='ocrx_word' id='word_1_224' title='bbox 1456 1859 1595 1891; x_wconf 81' lang='lat' dir='ltr'>denariis</span> <span class='ocrx_word' id='word_1_225' title='bbox 1616 1859 1651 1891; x_wconf 88' lang='lat' dir='ltr'>in</span> 
     </span>
     <span class='ocr_line' id='line_1_25' title="bbox 184 1923 1649 1969; baseline 0.002 -13"><span class='ocrx_word' id='word_1_226' title='bbox 184 1923 271 1956; x_wconf 88' lang='lat' dir='ltr'>omni</span> <span class='ocrx_word' id='word_1_227' title='bbox 301 1935 384 1962; x_wconf 81' lang='lat' dir='ltr'>casu,</span> <span class='ocrx_word' id='word_1_228' title='bbox 408 1925 441 1955; x_wconf 88' lang='lat' dir='ltr'>et</span> <span class='ocrx_word' id='word_1_229' title='bbox 470 1923 503 1955; x_wconf 86' lang='lat' dir='ltr'>in</span> <span class='ocrx_word' id='word_1_230' title='bbox 534 1923 688 1956; x_wconf 78' lang='lat' dir='ltr'>comitatu</span> <span class='ocrx_word' id='word_1_231' title='bbox 718 1925 752 1956; x_wconf 90' lang='lat' dir='ltr'>in</span> <span class='ocrx_word' id='word_1_232' title='bbox 776 1925 878 1958; x_wconf 86' lang='lat' dir='ltr'>tribus</span> <span class='ocrx_word' id='word_1_233' title='bbox 900 1927 1009 1959; x_wconf 85' lang='lat' dir='ltr'>solidis</span> <span class='ocrx_word' id='word_1_234' title='bbox 1039 1927 1179 1969; x_wconf 84' lang='lat' dir='ltr'>exceptis</span> <span class='ocrx_word' id='word_1_235' title='bbox 1208 1927 1332 1959; x_wconf 78' lang='lat' dir='ltr'>casibus</span> <span class='ocrx_word' id='word_1_236' title='bbox 1355 1927 1482 1967; x_wconf 70' lang='lat' dir='ltr'>felonis,</span> <span class='ocrx_word' id='word_1_237' title='bbox 1514 1930 1546 1959; x_wconf 87' lang='lat' dir='ltr'>et</span> <span class='ocrx_word' id='word_1_238' title='bbox 1569 1938 1649 1959; x_wconf 88' lang='lat' dir='ltr'>nove</span> 
     </span>
     <span class='ocr_line' id='line_1_26' title="bbox 184 1990 1649 2038; baseline 0.003 -14"><span class='ocrx_word' id='word_1_239' title='bbox 184 1991 356 2030; x_wconf 82' lang='lat' dir='ltr'>disseisine,</span> <span class='ocrx_word' id='word_1_240' title='bbox 373 1990 428 2023; x_wconf 89' lang='lat' dir='ltr'>ubi</span> <span class='ocrx_word' id='word_1_241' title='bbox 443 1991 615 2024; x_wconf 79' lang='lat' dir='ltr'>disseisitor</span> <span class='ocrx_word' id='word_1_242' title='bbox 630 1993 664 2024; x_wconf 91' lang='lat' dir='ltr'>in</span> <span class='ocrx_word' id='word_1_243' title='bbox 680 1994 848 2035; x_wconf 84' lang='lat' dir='ltr'>sexaginta</span> <span class='ocrx_word' id='word_1_244' title='bbox 864 1995 973 2027; x_wconf 89' lang='lat' dir='ltr'>solidis</span> <span class='ocrx_word' id='word_1_245' title='bbox 988 1997 1020 2027; x_wconf 91' lang='lat' dir='ltr'>et</span> <span class='ocrx_word' id='word_1_246' title='bbox 1038 2006 1103 2028; x_wconf 87' lang='lat' dir='ltr'>uno</span> <span class='ocrx_word' id='word_1_247' title='bbox 1125 1996 1256 2027; x_wconf 77' lang='lat' dir='ltr'>denario</span> <span class='ocrx_word' id='word_1_248' title='bbox 1279 1996 1477 2027; x_wconf 82' lang='lat' dir='ltr'>amercietur.</span> <span class='ocrx_word' id='word_1_249' title='bbox 1524 1995 1569 2027; x_wconf 85' lang='lat' dir='ltr'>Et</span> <span class='ocrx_word' id='word_1_250' title='bbox 1592 2007 1649 2038; x_wconf 88' lang='lat' dir='ltr'>pro</span> 
     </span>
     <span class='ocr_line' id='line_1_27' title="bbox 183 2060 1646 2105; baseline 0.003 -14"><span class='ocrx_word' id='word_1_251' title='bbox 183 2060 286 2092; x_wconf 88' lang='lat' dir='ltr'>divisa</span> <span class='ocrx_word' id='word_1_252' title='bbox 301 2060 385 2091; x_wconf 82' lang='lat' dir='ltr'>inter</span> <span class='ocrx_word' id='word_1_253' title='bbox 400 2060 464 2091; x_wconf 88' lang='lat' dir='ltr'>duo</span> <span class='ocrx_word' id='word_1_254' title='bbox 480 2060 574 2092; x_wconf 83' lang='lat' dir='ltr'>feoda</span> <span class='ocrx_word' id='word_1_255' title='bbox 589 2061 623 2092; x_wconf 89' lang='lat' dir='ltr'>in</span> <span class='ocrx_word' id='word_1_256' title='bbox 638 2064 854 2094; x_wconf 85' lang='lat' dir='ltr'>transversum</span> <span class='ocrx_word' id='word_1_257' title='bbox 871 2063 981 2105; x_wconf 79' lang='lat' dir='ltr'>gratis,</span> <span class='ocrx_word' id='word_1_258' title='bbox 998 2066 1030 2095; x_wconf 86' lang='lat' dir='ltr'>et</span> <span class='ocrx_word' id='word_1_259' title='bbox 1052 2075 1091 2095; x_wconf 82' lang='lat' dir='ltr'>ex</span> <span class='ocrx_word' id='word_1_260' title='bbox 1114 2066 1182 2095; x_wconf 86' lang='lat' dir='ltr'>toto</span> <span class='ocrx_word' id='word_1_261' title='bbox 1205 2063 1307 2095; x_wconf 83' lang='lat' dir='ltr'>fracta</span> <span class='ocrx_word' id='word_1_262' title='bbox 1330 2064 1363 2095; x_wconf 89' lang='lat' dir='ltr'>in</span> <span class='ocrx_word' id='word_1_263' title='bbox 1388 2064 1505 2105; x_wconf 85' lang='lat' dir='ltr'>viginti</span> <span class='ocrx_word' id='word_1_264' title='bbox 1529 2064 1646 2095; x_wconf 85' lang='lat' dir='ltr'>solidis.</span> 
     </span>
     <span class='ocr_line' id='line_1_28' title="bbox 183 2128 1649 2175; baseline 0.003 -14"><span class='ocrx_word' id='word_1_265' title='bbox 183 2129 229 2161; x_wconf 79' lang='lat' dir='ltr'>Et</span> <span class='ocrx_word' id='word_1_266' title='bbox 250 2128 324 2160; x_wconf 86' lang='lat' dir='ltr'>licet</span> <span class='ocrx_word' id='word_1_267' title='bbox 347 2130 489 2160; x_wconf 81' lang='lat' dir='ltr'>aratrum</span> <span class='ocrx_word' id='word_1_268' title='bbox 512 2128 613 2161; x_wconf 86' lang='lat' dir='ltr'>invito</span> <span class='ocrx_word' id='word_1_269' title='bbox 636 2130 795 2162; x_wconf 83' lang='lat' dir='ltr'>carucario</span> <span class='ocrx_word' id='word_1_270' title='bbox 817 2130 916 2163; x_wconf 85' lang='lat' dir='ltr'>talem</span> <span class='ocrx_word' id='word_1_271' title='bbox 939 2131 1075 2163; x_wconf 86' lang='lat' dir='ltr'>divisam</span> <span class='ocrx_word' id='word_1_272' title='bbox 1098 2134 1289 2174; x_wconf 79' lang='lat' dir='ltr'>corrumpat,</span> <span class='ocrx_word' id='word_1_273' title='bbox 1313 2134 1370 2164; x_wconf 84' lang='lat' dir='ltr'>aut</span> <span class='ocrx_word' id='word_1_274' title='bbox 1384 2132 1649 2175; x_wconf 82' lang='lat' dir='ltr'>transgrediatur,</span> 
     </span>
    </p>
   </div>
   <div class='ocr_carea' id='block_1_13' title="bbox 184 2197 1183 2242">
    <p class='ocr_par' dir='ltr' id='par_1_13' title="bbox 184 2197 1183 2242">
     <span class='ocr_line' id='line_1_29' title="bbox 184 2197 1183 2242; baseline 0.004 -14"><span class='ocrx_word' id='word_1_275' title='bbox 184 2208 248 2229; x_wconf 92' lang='lat' dir='ltr'>non</span> <span class='ocrx_word' id='word_1_276' title='bbox 264 2197 293 2228; x_wconf 85' lang='lat' dir='ltr'>ei</span> <span class='ocrx_word' id='word_1_277' title='bbox 308 2197 486 2238; x_wconf 87' lang='lat' dir='ltr'>imputetur</span> <span class='ocrx_word' id='word_1_278' title='bbox 501 2197 579 2228; x_wconf 89' lang='lat' dir='ltr'>dum</span> <span class='ocrx_word' id='word_1_279' title='bbox 594 2199 703 2229; x_wconf 79' lang='lat' dir='ltr'>tamen</span> <span class='ocrx_word' id='word_1_280' title='bbox 718 2209 783 2230; x_wconf 91' lang='lat' dir='ltr'>non</span> <span class='ocrx_word' id='word_1_281' title='bbox 800 2199 857 2231; x_wconf 75' lang='lat' dir='ltr'>fiat</span> <span class='ocrx_word' id='word_1_282' title='bbox 871 2199 979 2232; x_wconf 89' lang='lat' dir='ltr'>animo</span> <span class='ocrx_word' id='word_1_283' title='bbox 995 2200 1183 2242; x_wconf 79' lang='lat' dir='ltr'>injuriandi.</span> 
     </span>
    </p>
   </div>
   <div class='ocr_carea' id='block_1_14' title="bbox 333 2308 382 2333">
    <p class='ocr_par' dir='ltr' id='par_1_14' title="bbox 333 2308 382 2333">
     <span class='ocr_line' id='line_1_30' title="bbox 333 2308 382 2333; baseline 0 0"><span class='ocrx_word' id='word_1_284' title='bbox 333 2308 382 2333; x_wconf 70' lang='lat'>52</span> 
     </span>
    </p>
   </div>
  </div>
 </body>
</html>
