1820 2548
1504 139 1567 169 753

724 294 1026 327 DCLXXXVIII.

147 384 309 418 GRANT
347 383 411 416 BY
451 383 588 422 JOHN,
617 382 704 415 SON
743 383 802 415 OF
839 381 1027 415 ROBERT
1061 381 1125 413 DE
1155 381 1363 420 LANDAF,
1403 381 1459 413 To
1492 381 1609 414 MILO

225 453 290 486 DE
325 451 493 484 REGNY
531 452 590 483 OF
626 451 777 484 RENTS
810 451 872 484 AT
911 450 1111 490 ΟΑΝΤΟΝ,
1149 450 1283 482 NEAR
1317 449 1532 482 OARDIFF.

645 538 747 579 [Anu.
773 538 845 571 Oui
851 549 947 576 RTER,
971 537 1117 580 24‚300.]
1491 536 1567 569 SD.

190 632 299 665 Sciant
315 636 474 675 presentes
490 637 520 664 et
536 632 637 664 futuri
653 633 738 673 quod
756 643 815 674 ego
833 631 855 663 J
857 642 1015 663 OHANNES
1031 631 1115 663 filius
1139 631 1291 662 RORERTI
1315 631 1354 662 de
1378 630 1522 662 LANDAF
1539 630 1613 661 dedi

147 702 284 734 concessi
299 701 422 734 remissi
439 703 470 732 et
486 701 631 743 quietum
655 700 791 732 clamavi
815 711 851 732 ac
874 700 1012 742 presenti
1036 702 1121 731 carta
1138 710 1208 730 mea
1226 699 1409 730 confirmavi
1426 699 1557 730 Μ111οΝ1
1574 699 1614 730 de

150 770 274 802 REGNY
290 769 434 802 redditus
450 781 504 801 sex
520 769 666 801 denarios
682 780 761 811 quos
776 769 856 800 mihi
872 768 1039 800 annuatim
1061 768 1192 799 reddere
1208 766 1329 799 solebat
1343 778 1400 809 pro
1416 766 1518 798 tribus
1534 766 1614 798 acris

147 842 229 871 terre
245 849 317 870 cum
332 838 534 880 pertinentiis
547 849 625 880 quos
640 837 753 870 habuit
770 838 810 869 de
825 836 992 869 ‹1011in
1004 837 1044 868 de
1059 837 1090 867 la
1105 835 1206 868 LAKE
1219 836 1381 877 quondam
1396 835 1515 866 ballivo
1531 835 1570 866 de
1583 835 1614 866 la

147 907 390 940 LEKwrrHTHE
407 908 446 938 de
462 907 555 939 feodo
571 917 642 938 meo
655 905 714 938 sub
730 905 922 937 KANETONE
938 906 972 936 in
984 904 1189 937 SUDCROFTE.
1236 903 1345 935 Etiam
1363 903 1499 935 concessi
1512 903 1615 935 eidem

147 979 180 1008 et
205 976 350 1018 quietum
373 975 507 1007 clamavi
531 975 693 1006 redditum
718 974 814 1005 unius
841 973 964 1005 denarii
987 974 1071 1014 quod
1096 972 1256 1014 percipere
1278 971 1417 1003 solebam
1440 971 1608 1003 annuatim

149 1045 188 1076 de
203 1044 224 1076 J
227 1055 368 1076 OHANNE
384 1044 450 1076 filio
466 1043 488 1076 J
490 1054 640 1075 OHANNIS
657 1043 805 1075 GODMAN
822 1043 861 1074 de
880 1042 1041 1074 KAERDIF
1064 1052 1121 1083 pro
1137 1041 1207 1072 aliis
1230 1041 1332 1072 tribus
1352 1040 1432 1072 aeris
1452 1041 1486 1071 in
1503 1041 1615 1072 eadem

146 1112 343 1145 SUDCRoFTE
360 1112 418 1145 sub
434 1112 635 1144 ΚΑΝΕΤοΝΕ,
689 1111 888 1143 Habendum
904 1113 934 1142 et
950 1110 1126 1142 tenendum
1148 1110 1308 1152 predictus
1332 1109 1477 1140 redditus
1500 1109 1539 1140 de
1563 1120 1614 1141 me

146 1184 178 1213 et
193 1181 363 1214 heredibus
379 1181 458 1213 meis
473 1181 558 1213 dicto
573 1181 706 1213 MxLoNi
723 1184 754 1212 et
770 1179 940 1212 heredibus
955 1182 987 1211 et
1010 1179 1179 1220 assignatis
1195 1178 1259 1210 suis
1282 1177 1380 1210 libere
1405 1178 1510 1219 quiete
1534 1177 1614 1210 bene

144 1251 177 1282 in
193 1261 270 1292 pace
286 1250 411 1292 integre
427 1253 458 1282 et
480 1249 670 1281 hereditarie
694 1250 940 1291 imperpetuum.
988 1247 1165 1281 Reddendo
1188 1247 1264 1279 inde
1289 1246 1456 1278 annuatim
1479 1246 1559 1278 mihi
1583 1249 1615 1278 et

145 1318 315 1351 heredibus
337 1318 429 1350 MILO
453 1321 485 1350 et
507 1318 637 1350 heredes
660 1318 710 1349 vel
735 1317 890 1359 assignati
913 1316 962 1348 sui
993 1326 1094 1348 unum
1125 1316 1252 1348 obolum
1276 1315 1403 1357 argenti
1428 1315 1469 1346 ad
1495 1315 1615 1347 festum

143 1387 253 1420 Sancti
275 1387 472 1420 Mmfflms
495 1398 551 1428 pro
575 1386 723 1418 omuibus
747 1385 885 1418 serviciis
908 1384 1190 1417 consuetudinibus
1213 1384 1304 1416 sectis
1319 1384 1481 1415 curiarum
1498 1383 1614 1415 wardis

141 1456 268 1488 releviis
283 1467 319 1487 ac
335 1455 487 1487 eschaetis
513 1459 543 1486 et
567 1455 715 1487 omnibus
738 1455 809 1486 aliis
831 1454 1074 1496 quibuscunque
1099 1452 1291 1484 secularibus
1314 1452 1482 1484 domandis
1504 1453 1545 1484 ad
1562 1463 1613 1484 me

144 1524 194 1557 vel
209 1524 340 1556 heredes
355 1535 440 1555 meos
462 1523 698 1566 pertinentibus
721 1524 956 1565 inperpetuum.
1003 1522 1049 1554 Et
1071 1533 1131 1564 ego
1150 1533 1223 1554 vero
1246 1521 1409 1563 predictus
1432 1520 1454 1553 J
1456 1531 1614 1552 OHANNES

140 1593 225 1625 filius
249 1593 402 1625 Rossmm
428 1595 460 1625 et
486 1592 617 1624 heredes
644 1592 707 1624 mei
731 1602 842 1624 omnes
867 1591 1024 1634 predictos
1046 1590 1190 1622 redditus
1214 1601 1285 1622 cum
1309 1589 1500 1621 tenementis
1522 1600 1609 1631 sepe-

143 1661 227 1693 dicto
242 1661 375 1693 Mmom
392 1663 424 1693 et
440 1661 609 1694 heredibus
624 1663 655 1692 et
678 1660 848 1703 assignatis
868 1660 932 1691 suis
956 1662 1066 1691 eontra
1081 1670 1190 1691 omnes
1212 1658 1362 1690 mortales
1384 1658 1611 1700 inperpetuum

143 1728 419 1761 warantizabimus
433 1729 685 1771 acquietabimus
701 1734 732 1761 et
749 1729 958 1761 defendemus
972 1739 1029 1770 per
1044 1727 1211 1759 servicium
1236 1726 1424 1769 predictum.
1472 1725 1535 1758 Pro
1551 1725 1610 1758 hac

144 1801 251 1830 autem
267 1798 441 1830 donacione
457 1798 653 1830 concessione
669 1802 700 1830 et
716 1797 872 1840 presentis
887 1799 972 1831 carte
987 1808 1056 1828 mee
1073 1795 1315 1827 confirmacione
1331 1806 1366 1826 ac
1378 1794 1562 1826 remissione
1579 1796 1612 1825 et

142 1867 250 1908 quieta
266 1867 458 1898 clamacione
473 1867 563 1899 dedit
577 1867 657 1899 mihi
673 1867 835 1908 predictus
850 1866 944 1898 MILO
967 1868 1088 1908 septem
1111 1865 1227 1897 solidos
1245 1863 1372 1906 argenti
1394 1862 1607 1904 premanibus.

139 1935 192 1968 Ita
207 1936 293 1977 quod
308 1946 366 1967 nec
383 1946 443 1977 ego
459 1934 481 1967 J
483 1946 640 1967 OHANNES
656 1947 713 1967 nec
736 1935 867 1967 heredes
889 1934 952 1966 mei
975 1934 1009 1966 in
1033 1934 1108 1965 totis
1131 1933 1282 1976 predictis
1304 1931 1494 1964 tenementis
1509 1931 1609 1963 nichil

139 2004 221 2046 juris
235 2004 402 2036 vendicare
420 2003 592 2045 poterimus
608 2003 669 2035 nisi
686 2003 847 2035 redditum
863 2003 959 2034 unius
971 2002 1053 2034 oboli
1075 2004 1112 2033 ut
1127 2002 1305 2044 predictum
1321 2003 1377 2031 est.
1425 1999 1469 2031 Et
1486 2003 1522 2031 ut
1537 2011 1608 2031 mea¹

139 2072 271 2104 donacio
293 2072 449 2104 concessio
471 2074 501 2103 et
524 2071 678 2113 presentis
701 2074 786 2103 carte
809 2083 879 2103 mee
903 2070 1104 2102 confirmacio
1125 2072 1194 2101 rata
1221 2068 1282 2111 [et]
1308 2068 1430 2100 stabilis
1454 2071 1607 2110 perpetuo

138 2143 315 2182 perseveret
337 2143 370 2172 et
393 2140 476 2182 quod
500 2140 534 2171 in
563 2143 723 2181 posterum
748 2151 813 2172 non
843 2141 986 2171 vertatur
1008 2139 1043 2170 in
1074 2137 1209 2170 dubium
1232 2137 1306 2168 huic
1328 2136 1467 2178 presenti
1491 2136 1607 2178 scripto

135 2209 278 2251 sigillum
302 2220 410 2240 meum
434 2208 575 2251 apposui.
635 2208 710 2240 Hiis
734 2207 868 2240 testibus
901 2234 906 2239 .
941 2207 1070 2239 domino
1102 2205 1277 2238 WALTERO
1308 2205 1347 2236 de
1375 2204 1499 2235 SULLIA
1528 2207 1606 2236 tuno

289 2315 342 2339 411
