1820 2548
1530 141 1589 171 761

167 296 366 338 permitteret
386 297 496 327 contra
519 294 657 326 formam
679 294 765 336 pacis
788 295 872 327 inter
895 306 952 326 nos
975 297 1006 326 et
1029 294 1133 336 ipsum
1150 293 1338 326 Lmffimnn
1360 295 1438 327 inite
1454 298 1484 327 et
1509 296 1633 327 firmate

164 366 197 396 et
219 363 366 396 similiter
386 363 618 395 inhibuerimus
640 362 764 404 prefato
786 362 894 394 comiti
916 374 956 394 ne
977 362 1101 404 prefato
1117 362 1274 394 LEULmo
1297 363 1473 405 dampnum
1497 364 1631 396 inferret

165 434 276 464 contra
291 431 429 464 formam
444 431 530 473 pacis
546 431 691 472 ejusdem
707 442 742 462 ac
754 431 842 462 idem
857 430 1036 462 LEULINUS
1051 430 1119 473 jam
1135 433 1328 473 congregato
1341 431 1481 463 exercitu
1497 434 1528 463 et
1540 443 1629 473 posse

165 511 221 533 suo
237 511 310 532 cum
326 499 451 532 vexillis
466 499 641 542 displicatis
658 499 693 530 in
709 510 808 531 manu
828 499 905 531 forti
921 489 1058 531 castmm
1079 499 1178 540 ipsius
1194 499 1317 531 comitis
1339 499 1378 531 de
1402 499 1575 532 KAERFILI
1598 503 1630 532 et

165 568 242 600 alibi
262 571 362 600 terras
385 568 484 610 ipsius
509 568 633 600 comitis
652 568 803 599 invadere
824 571 856 599 et
878 568 1018 609 dampna
1042 568 1229 610 gravissima
1252 568 1355 600 facere
1375 571 1532 610 proponat
1553 580 1588 600 ac
1604 569 1630 601 si

164 648 280 680 guerra
299 637 476 669 communis
499 639 578 668 esset
599 636 674 668 hinc
694 636 770 668 inde
791 637 941 668 suscitata
959 639 991 668 et
1006 636 1149 678 prefatus
1171 648 1274 668 comes
1295 637 1330 668 in
1345 637 1506 678 presencia
1522 640 1629 669 nostra

166 706 358 738 constitutus
380 705 532 747 optulerit
552 716 584 736 se
606 705 796 746 respondere
817 704 942 746 prefato
962 704 1120 736 Lssnmxo
1141 707 1171 736 et
1193 705 1264 736 aliis
1284 706 1323 736 de
1344 705 1411 747 ipso
1431 706 1480 737 vel
1504 707 1543 737 de
1566 706 1630 737 suis

164 773 432 816 conquerentibus
463 784 517 805 seu
542 773 692 815 conqueri
725 772 905 805 volentibus
929 774 968 804 de
993 773 1296 815 transgressionibus
1321 776 1351 806 et
1382 773 1476 806 factis
1505 775 1570 806 suis
1597 777 1629 806 et

164 854 294 874 suorum
320 853 592 884 quorumcumque
622 842 697 874 inde
724 844 846 873 rectum
874 842 1019 873 faciendo
1046 844 1077 873 et
1100 844 1221 873 rectum
1249 842 1401 884 capiendo
1425 845 1456 874 et
1483 842 1630 875 similiter

164 911 315 953 optulerit
330 911 463 943 reddere
479 911 658 953 predictum
674 913 813 942 castrum
829 912 868 942 de
885 910 1058 942 KAERFILl
1076 911 1109 942 in
1125 922 1258 942 manum
1281 914 1421 943 nostram
1443 923 1500 943 nos
1521 914 1629 943 tenore

162 980 360 1021 presencium
390 979 480 1011 vobis
505 980 619 1011 damus
647 981 838 1021 potestatem
865 979 1038 1021 recipiendi
1065 982 1204 1010 castrum
1230 980 1409 1021 predictum
1436 980 1469 1010 iu
1496 991 1629 1012 manum

162 1050 303 1080 nostram
328 1051 360 1080 et
384 1048 466 1079 illud
492 1048 578 1079 salvo
603 1047 804 1079 custodiendi
828 1048 927 1079 donec
951 1048 1040 1079 aliud
1061 1048 1135 1079 inde
1157 1048 1354 1090 precepimus
1375 1048 1462 1079 salva
1486 1047 1626 1091 [aliqua]

157 1116 284 1148 accione
307 1116 406 1158 ipsius
433 1108 556 1148 comitis
577 1128 632 1148 seu
656 1116 875 1159 cujuscunque
898 1116 1028 1148 alterius
1049 1117 1088 1148 de
1107 1116 1179 1158 jure
1196 1119 1227 1148 et
1245 1116 1361 1148 seisina
1377 1117 1534 1159 ejusdem.
1582 1117 1628 1148 Et

157 1185 229 1217 ideo
246 1184 333 1217 vobis
360 1186 549 1217 mandamus
570 1185 656 1227 quod
679 1188 820 1217 castrum
840 1185 922 1216 illud
938 1185 1004 1216 vice
1025 1188 1133 1217 nostra
1149 1188 1179 1216 et
1203 1185 1331 1217 nomine
1346 1187 1453 1217 nostro
1469 1185 1629 1227 recipiatis

158 1256 191 1286 et
210 1253 292 1285 illud
312 1254 346 1285 in
369 1264 468 1285 manu
489 1257 597 1285 nostra
625 1254 712 1285 salvo
738 1254 891 1285 custodiri
912 1253 1037 1286 faciatis
1058 1254 1139 1285 sicut
1160 1254 1338 1296 predictum
1360 1256 1407 1286 est
1431 1279 1437 1285 .
1463 1254 1524 1285 nisi
1542 1254 1628 1286 idem

156 1321 335 1354 LEULxNUs
358 1333 433 1354 cum
453 1323 594 1354 exercitu
615 1333 672 1354 suo
688 1323 729 1354 ad
747 1323 937 1355 mandatum
953 1325 1097 1354 nostrum
1113 1334 1132 1354 a
1147 1322 1291 1364 partibus
1306 1323 1370 1354 illis
1386 1334 1418 1355 se
1434 1323 1627 1355 subtraxerit

158 1391 207 1423 vel
224 1391 386 1423 recesserit
401 1394 432 1423 et
449 1391 535 1423 diem
550 1392 636 1433 apud
654 1392 773 1423 vadum
790 1391 923 1423 Monms
940 1391 1085 1423 Gonnum
1102 1403 1196 1433 quem
1212 1391 1246 1423 in
1262 1392 1424 1433 presencia
1436 1391 1626 1423 nunciorum

156 1460 256 1502 ipsius
276 1459 428 1492 mem
453 1460 478 1491 si
504 1471 582 1502 quos
606 1461 647 1492 ad
675 1471 732 1492 nos
760 1462 889 1502 propter
918 1460 978 1492 hoc
1004 1460 1163 1492 destinare
1190 1460 1326 1492 voluerit
1353 1460 1433 1492 sicut
1464 1460 1492 1492 ei
1523 1472 1626 1503 nuper

157 1529 381 1561 mandavimus
393 1529 432 1561 de
442 1529 573 1561 consilio
586 1531 694 1561 nostro
706 1529 900 1571 prefigemus
909 1529 984 1561 inde
997 1529 1124 1561 duxerit
1134 1529 1216 1561 recol
1222 1528 1434 1572 [l]igendum.
1479 1529 1521 1561 In
1533 1529 1626 1572 cujus

154 1599 213 1629 etc·
231 1600 288 1630 etc.
335 1597 431 1629 Teste
447 1597 538 1640 Rege
555 1598 644 1640 apud
663 1597 851 1630 Wnsrmon'
867 1609 941 1630 xxv.
960 1598 1012 1630 die
1027 1597 1181 1630 Octobris.

766 1873 973 1908 DCXOVII.

261 1959 422 1993 ROYAL
460 1960 589 1993 WRIT
628 1960 939 1994 OONGERNING
978 1961 1287 1994 OAERPHILLY
1326 1961 1510 1994 OASTLE.

493 2047 648 2090 [PATENT
672 2048 776 2081 Rom.
801 2050 842 2080 55
866 2049 959 2081 HEN.
985 2049 1052 2081 III.
1079 2060 1185 2081 MEMB.
1211 2048 1257 2092 I.]
1364 2050 1404 2080 25
1422 2049 1498 2081 OcT.
1527 2050 1619 2082 1271.

193 2134 264 2167 Rex
286 2135 439 2177 episcopis
464 2135 633 2168 abbatibus
659 2136 817 2178 prioribus
842 2137 1011 2170 comitibus
1036 2137 1209 2170 baronibus
1230 2136 1387 2169 militibus
1413 2139 1445 2169 et
1473 2137 1620 2169 omnibus

145 2203 275 2236 ballivis
297 2208 329 2235 et
354 2203 501 2236 fidelibus
523 2204 588 2236 suis
607 2205 647 2237 de
675 2205 880 2238 comitatibus
900 2205 1038 2238 Hmmr’
1058 2205 1228 2239 Wmoxm’
1250 2205 1370 2238 SALOP'
1392 2208 1423 2238 et
1445 2205 1564 2237 Surr’
1588 2209 1620 2238 et

300 2310 354 2335 4v
