1820 2548
1526 203 1606 234 1085

176 356 348 389 habuimus
365 383 371 389 .
389 359 485 399 prout
500 357 534 388 in
550 359 637 388 carta
652 356 727 388 inde
743 356 888 389 confecta
903 360 935 389 et
950 368 1047 399 penes
1067 357 1168 389 dictos
1185 383 1190 389 .
1211 383 1216 388 .
1234 356 1384 389 abbatem
1407 360 1438 389 et
1457 360 1649 389 conventum

175 428 362 457 remanente
386 425 512 468 plenius
544 425 734 458 continetur.
797 425 850 457 Ita
881 427 967 468 quod
997 437 1055 458 nec
1084 437 1144 468 ego
1174 426 1260 458 dicta
1290 425 1415 458 Amcm
1445 437 1503 458 nec
1533 426 1649 468 aliquis

177 493 332 526 heredum
351 505 495 526 meorum
518 494 583 526 sive
606 493 842 536 assignatorum
865 494 988 536 aliquid
1010 494 1102 537 juris,
1119 495 1170 527 vel
1193 495 1309 534 clamii,
1332 497 1388 526 aut
1411 495 1592 536 calumpnie
1614 495 1649 526 in

176 561 242 594 illis
262 562 412 604 predictis
427 562 615 604 messuagiis
645 565 677 594 et
707 562 885 604 om'tilagiis
907 574 980 594 cum
1005 563 1211 605 pertinenciis
1233 563 1341 605 aliquo
1364 563 1459 595 modo
1483 563 1651 594 vendicare

178 631 354 672 poterimus
379 631 414 663 in
437 633 592 663 eternum.
638 630 703 662 Pro
728 630 788 662 hac
815 634 923 663 autem
950 632 1133 664 dimissione
1158 643 1228 664 mea
1258 634 1290 664 et
1320 632 1428 674 quieta
1459 632 1652 664 clamacione

174 702 395 732 concesserunt
411 702 443 731 et
458 700 616 731 dederunt
630 699 778 731 unanimi
794 711 923 732 assensu
940 704 971 732 et
987 700 1154 732 voluntate
1170 700 1333 733 communi
1348 701 1485 743 predicti
1503 708 1534 732 .·.
1553 700 1651 732 abbas

178 770 210 800 et
225 771 399 800 conventus
423 769 503 800 mihi
528 768 664 811 singulis
684 768 797 800 diebus
818 769 923 811 quoad
950 769 1059 801 vixero
1082 781 1184 801 unum
1205 781 1322 812 panem
1344 770 1596 809 conventualem,
1621 772 1653 801 et

178 849 278 869 unam
293 837 445 880 lagenam
463 837 592 870 cervisie
614 840 709 880 potus
730 838 904 870 eorundem
926 840 1020 880 prout
1036 838 1070 869 in
1087 839 1226 880 quadam
1242 838 1350 870 littera
1365 839 1441 870 inde
1463 838 1607 870 confecta
1622 840 1655 870 et

177 917 274 948 penes
289 917 340 938 me
355 907 540 938 remanente
556 906 683 948 plenius
700 906 891 938 continetmz
939 906 1046 941 Quam
1062 907 1193 948 quidem
1204 907 1347 939 litteram
1360 918 1455 949 super
1466 906 1653 949 hujusmodi

177 975 356 1006 confectam
371 974 502 1006 heredes
517 974 581 1006 mei
597 975 662 1007 sive
674 974 831 1017 assignati
843 977 900 1007 aut
911 978 1094 1007 executores
1103 975 1167 1007 mei
1180 986 1252 1007 eum
1264 975 1304 1007 de
1316 986 1367 1007 me
1378 975 1568 1007 humanitus
1580 986 1652 1007 con-

178 1043 291 1086 tigerit
301 1043 369 1075 sine
379 1043 587 1075 altercacione
597 1043 706 1086 aliqua
717 1044 868 1085 predictis
880 1068 887 1075 .
900 1069 907 1075 .
919 1043 1028 1075 abbati
1038 1046 1070 1076 et
1082 1044 1253 1076 conventui
1263 1046 1294 1076 et
1305 1055 1414 1076 eorum
1427 1043 1656 1076 successoribus

176 1111 374 1144 tenebuntur
388 1112 556 1144 restituere
571 1123 628 1154 per
643 1115 814 1154 presentes.
861 1112 908 1144 Et
924 1123 984 1154 ego
1001 1124 1074 1144 vero
1090 1112 1177 1144 dicta
1192 1112 1317 1145 Auem
1334 1115 1366 1145 et
1381 1112 1513 1144 heredes
1536 1113 1598 1144 mei
1621 1116 1654 1144 et

178 1180 334 1223 assignati
350 1180 470 1212 dictam
485 1181 704 1213 dimissionem
721 1192 756 1213 ae
772 1181 915 1222 quietam
932 1181 1158 1213 clamacionem
1170 1181 1263 1213 dictis
1278 1207 1283 1213 .
1298 1206 1304 1212 .
1319 1181 1428 1213 abbati
1441 1184 1472 1212 et
1485 1180 1656 1213 conventui

179 1251 212 1281 et
227 1260 337 1281 eorum
359 1249 588 1282 successoribus
610 1252 721 1281 eontra
744 1261 853 1282 omnes
875 1250 1026 1281 mortales
1048 1249 1326 1282 warentizabimus
1349 1249 1602 1292 acquietabimus
1625 1252 1658 1281 et

178 1317 387 1350 defendemus
416 1317 662 1359 imperpetuum.
723 1317 765 1349 In
806 1318 899 1360 cujus
938 1318 984 1350 rei
1014 1318 1235 1350 testimonium
1265 1318 1340 1350 huic
1366 1318 1507 1360 presenti
1539 1318 1655 1360 scripto

180 1386 324 1428 sigillum
353 1397 462 1418 meum
492 1387 634 1429 apposui.
696 1386 742 1418 Et
772 1387 848 1429 quia
878 1387 1022 1429 sigillum
1051 1398 1159 1419 meum
1190 1386 1336 1429 plaribus
1366 1389 1414 1419 est
1453 1387 1656 1428 incognitum

179 1457 322 1499 sigillum
345 1467 512 1489 commune
532 1455 744 1498 burgensium
767 1456 806 1488 de
830 1455 1013 1487 KENEFEG’
1031 1456 1149 1498 apponi
1172 1456 1349 1498 procuravi.
1396 1455 1474 1487 Hiis
1495 1455 1629 1488 testibus
1648 1481 1654 1487 .

180 1525 346 1557 JOHANNE
362 1524 480 1556 LonEL
497 1550 503 1556 .
521 1524 717 1557 WILLELMO
733 1525 773 1556 de
789 1524 950 1556 Consum⁷
974 1550 980 1556 .
1006 1524 1200 1557 WILLELMO
1227 1525 1266 1556 de
1294 1524 1420 1556 MARLE
1438 1550 1444 1556 .
1463 1524 1590 1556 ΤΗυΜΑ
1617 1525 1657 1556 de

182 1593 310 1625 MARLE
351 1618 357 1624 .
396 1592 522 1625 THOMA
558 1592 719 1625 Bnmms
753 1618 759 1625 .
795 1592 966 1625 PHILIPPO
1001 1592 1161 1625 STIWARD
1195 1618 1201 1624 .
1236 1593 1397 1625 HEcho
1434 1593 1624 1625 MONTFORT
1650 1618 1656 1624 .

179 1662 345 1695 JOHANNE
362 1660 463 1693 Conc’
490 1686 497 1693 .
521 1660 698 1694 WAm-mzo
725 1661 848 1693 BEGAN
878 1687 884 1693 .
912 1661 1074 1693 HEcho
1099 1661 1213 1693 COLYN
1241 1687 1246 1693 .
1274 1661 1440 1693 JOHANNE
1469 1660 1653 1693 Tnxroan.

179 1733 212 1762 et
227 1730 338 1762 multis
353 1730 434 1762 aliis.

222 1799 347 1831 Datum
371 1798 458 1841 apud
488 1797 643 1830 MARGAN
668 1798 782 1840 quinto
806 1798 929 1830 decimo
957 1798 1009 1830 die
1036 1798 1153 1830 mensis
1178 1797 1356 1830 Februarii.
1406 1798 1503 1831 Anno
1530 1799 1653 1830 domini

178 1867 349 1900 millesimo
379 1871 475 1899 eccm
505 1866 663 1898 vicesimo.

223 1936 302 1969 Two
317 1936 408 1974 seals,
423 1936 480 1967 red
495 1946 576 1966 wax.

226 2005 252 2036 1.
302 2004 366 2036 lin.
383 2004 480 2036 diam.
527 2003 560 2035 A
575 2006 701 2035 rosette.

723 2074 730 2088 ‘
748 2076 780 2108 4-
801 2071 826 2103 s’
851 2083 963 2104 Amctn
990 2072 1101 2104 P’UA‘.’

222 2142 252 2174 2.
301 2141 386 2184 Ugin.
404 2140 501 2173 diam.
548 2140 604 2172 An
620 2140 820 2172 ornamental
835 2151 918 2172 cross
935 2140 1078 2172 between
1095 2140 1168 2173 four
1183 2141 1304 2183 pellets.

591 2211 599 2224 ‘
617 2213 649 2245 -ι-
670 2207 696 2239 s'
722 2234 728 2240 .
753 2219 889 2241 comem:
915 2235 920 2240 .
950 2208 1027 2252 [nn]
1056 2235 1062 2240 .
1089 2209 1238 2241 KENEF’.’
