1820 2548
219 228 302 259 1166

171 383 266 416 debet
288 395 345 425 per
366 383 501 415 formam
524 383 708 415 donacionis
730 382 870 424 predicte
893 386 925 414 et
948 382 983 415 in
1007 383 1118 414 eadem
1141 382 1228 414 curia
1250 385 1434 424 prosecutus
1449 382 1562 415 fuisset
1577 394 1635 426 pro

172 451 301 494 justicia
324 452 499 483 secundum
520 451 607 494 leges
630 456 662 482 et
683 450 928 483 consuetudines
948 450 1088 493 partium
1106 451 1236 482 illarum
1251 450 1427 493 optinenda
1441 454 1474 483 et
1488 451 1563 484 licet
1576 463 1636 484 nos

171 531 229 562 pro
244 531 282 551 eo
297 520 383 561 quod
397 519 483 551 idem
500 518 694 551 GILBERTUS
709 521 839 561 propter
853 518 993 551 diversas
1003 519 1223 551 cavillaciones
1235 522 1266 550 et
1282 519 1484 560 exceptiones
1497 519 1532 551 in
1547 520 1635 552 curia

172 588 315 630 predicta
329 588 436 620 minus
450 587 536 630 juste
557 587 734 629 propositas
749 591 780 618 et
796 586 967 629 injuriosas
989 587 1161 619 dilaciones
1183 587 1268 619 inter
1289 587 1374 628 ipsos
1396 587 1581 619 Rlcanntm
1603 590 1636 620 et

172 657 315 688 Ausim
339 660 371 688 et
390 659 557 688 sectatores
578 656 663 687 curie
685 655 773 687 illius
796 655 993 687 machinatas
1014 655 1178 697 justiciam
1200 655 1235 687 in
1257 655 1385 697 loquela
1406 656 1464 687 illa
1486 656 1635 698 consequi

172 735 238 756 non
250 724 354 766 potuit
367 725 408 756 ad
424 723 586 766 querelam
599 723 743 765 ejusdem
756 723 922 755 Gussmm
937 723 1056 765 pluries
1068 724 1325 756 mandaverimus
1340 724 1471 766 prefatis
1483 724 1636 757 Rmmno

172 797 205 824 et
220 792 336 824 Anxn
353 793 438 834 quod
453 792 538 824 dicto
562 791 735 824 GIIAEERTO
758 791 832 823 inde
848 792 916 824 fieri
939 791 1080 824 facerent
1102 792 1228 833 justicie
1253 793 1523 835 complementum
1537 793 1635 826 iidem

173 864 281 892 tamen
313 860 486 892 Rminnfs
517 865 549 892 et
578 860 693 891 Armi
725 860 850 902 prefato
881 859 1053 892 Grannum
1084 860 1116 892 in
1147 861 1274 902 loquela
1307 861 1449 902 predicta
1474 861 1638 902 justiciam

172 912 336 970 hueusque
358 928 461 960 facere
485 939 549 960 non
573 932 725 960 curarunt
748 932 795 959 set
817 928 846 960 ei
870 928 1043 960 defuerunt
1067 928 1101 960 in
1131 929 1260 970 justicia
1288 929 1469 961 exhibenda
1491 929 1574 962 sicut
1595 941 1635 962 ex

173 997 302 1039 querela
316 997 416 1039 ipsius
432 996 598 1029 G1LBERT1
615 996 793 1038 accepimus
809 996 923 1028 iterata
938 1008 1032 1038 super
1047 1008 1110 1039 quo
1125 997 1210 1029 idem
1232 996 1425 1029 Glmfflkws
1441 997 1533 1030 nobis
1548 998 1638 1040 eujus

170 1071 279 1098 tamen
293 1065 451 1097 instancia
465 1064 656 1107 supplicavit
671 1068 708 1096 ut
723 1064 752 1096 ei
767 1065 808 1097 de
822 1065 962 1096 remedio
978 1065 1143 1107 providere
1159 1076 1340 1097 curaremus
1355 1066 1389 1097 in
1404 1065 1464 1098 hac
1479 1070 1580 1108 parte.

216 1134 286 1166 Nos
309 1134 412 1176 igitur
435 1133 490 1175 qui
512 1133 636 1165 ratione
660 1133 830 1175 superioris
852 1133 974 1164 domini
998 1144 1107 1165 sumus
1123 1133 1270 1165 omnibus
1285 1137 1317 1166 et
1332 1134 1469 1177 singulis
1484 1135 1524 1166 de
1539 1146 1639 1178 regno

174 1207 205 1235 et
229 1202 380 1234 dominiis
402 1202 518 1233 nostris
541 1202 575 1233 in
599 1201 800 1233 exhibicione
822 1201 950 1243 justicie
965 1201 1124 1234 debitores
1140 1203 1282 1234 volentes
1305 1203 1390 1235 dicto
1405 1202 1582 1235 GILBERTO
1605 1204 1640 1236 in

173 1271 232 1303 hae
255 1276 346 1312 parte
366 1270 529 1311 justiciam
553 1269 697 1301 exhiberi
724 1270 958 1312 assignavimus
973 1281 1028 1302 vos
1050 1273 1114 1302 tres
1136 1274 1168 1301 et
1191 1271 1271 1302 duos
1286 1275 1427 1302 vestrum
1449 1271 1641 1313 justiciam-ios

174 1344 299 1371 nostros
321 1339 363 1370 ad
378 1339 545 1370 recordum
560 1341 592 1369 et
614 1348 795 1379 processum
810 1337 935 1379 loquele
950 1338 1091 1379 predicte
1107 1338 1141 1369 in
1156 1338 1243 1370 curia
1258 1339 1474 1380 predictorum
1491 1339 1638 1372 Rmffln

174 1412 207 1440 et
223 1408 339 1439 Amin
355 1406 467 1438 habita
483 1406 517 1437 in
534 1407 645 1438 eadem
660 1405 775 1438 rectari
790 1406 974 1438 faciendum
990 1408 1022 1437 et
1037 1417 1074 1437 ea
1088 1406 1214 1447 plenius
1229 1407 1488 1439 examinandum.

221 1476 274 1508 Ita
298 1476 384 1517 quod
409 1476 435 1507 si
458 1475 603 1507 invenire
628 1475 798 1517 contigerit
819 1475 904 1516 ipsos
919 1474 1103 1506 Rmmnum
1121 1478 1152 1506 et
1175 1475 1318 1507 ΑΙᾸΝΛΜ
1342 1476 1445 1507 eidem
1469 1475 1642 1509 Gnaeum

176 1545 340 1587 justiciam
363 1544 397 1575 in
420 1544 525 1575 eidem
547 1543 676 1585 loquela
691 1543 801 1575 fecisse
823 1543 957 1575 ulterius
972 1543 1047 1575 inde
1070 1554 1127 1585 per
1141 1554 1197 1575 vos
1217 1547 1326 1575 contra
1349 1544 1530 1576 libertatem
1552 1556 1643 1577 suam

177 1613 363 1645 nullatenus
387 1615 597 1654 attemptetur
624 1615 656 1643 et
680 1612 706 1643 si
731 1623 787 1653 per
814 1623 869 1643 vos
894 1611 1063 1643 inventum
1090 1611 1190 1643 fuerit
1215 1612 1372 1653 predictos
1403 1613 1587 1645 Rmamntm
1610 1617 1644 1646 et

177 1682 322 1714 ALINAM
337 1681 462 1723 prefato
479 1679 653 1712 GxLBssRTo
668 1680 702 1712 in
718 1679 845 1722 loquela
859 1679 1002 1721 predicta
1016 1679 1050 1711 in
1065 1679 1195 1730 justicia
1215 1679 1397 1712 exhibenda
1411 1681 1550 1713 defuisse
1564 1685 1642 1714 tunc

179 1751 214 1782 in
230 1749 390 1781 defectum
405 1749 547 1791 ipsorum
564 1748 710 1780 fficiam
727 1751 759 1780 et
774 1748 890 1779 Auis-E
911 1748 953 1779 ad
975 1747 1138 1790 justiciam
1153 1747 1256 1779 eidem
1273 1747 1447 1780 Gummi-0
1462 1749 1496 1781 in
1519 1750 1645 1792 loquela

179 1819 237 1851 illa
247 1818 427 1850 faciendam
437 1818 613 1849 secundum
622 1817 710 1859 leges
719 1821 751 1849 et
763 1816 1008 1849 consuetudines
1017 1816 1160 1858 parcium
1171 1816 1299 1848 illarum
1311 1828 1369 1859 per
1380 1829 1435 1849 vos
1443 1819 1642 1860 procedatur.

224 1887 269 1918 Et
284 1887 356 1918 ideo
371 1885 460 1918 vobis
476 1886 666 1917 mandamus
681 1885 767 1927 quod
782 1896 836 1916 vos
852 1889 916 1916 tres
930 1884 981 1916 vel
997 1885 1061 1916 duo
1077 1889 1217 1916 vesu-um
1233 1885 1275 1917 ad
1295 1885 1416 1917 curiam
1431 1887 1644 1927 predictorum

183 1954 331 1987 RicAnm
348 1957 380 1986 et
394 1954 510 1986 Anne
526 1953 733 1996 personaliter
745 1954 928 1985 aecedentes
943 1953 1108 1984 recordum
1124 1956 1156 1985 et
1170 1964 1349 1995 processum
1364 1954 1490 1996 loquele
1505 1956 1646 1997 predicte

182 2034 289 2055 coram
311 2022 400 2054 vobis
429 2021 532 2054 tribus
562 2022 613 2053 vel
637 2021 761 2054 duobus
783 2025 924 2053 vestrum
950 2021 1063 2053 reetari
1087 2024 1119 2053 et
1141 2021 1317 2053 examinari
1340 2022 1464 2054 faciatis
1486 2026 1519 2055 et
1541 2024 1567 2055 si
1589 2035 1646 2067 per

183 2091 405 2124 recitacionem
427 2093 460 2122 et
486 2090 758 2122 examinacionem
787 2089 973 2132 hujusmodi
1003 2090 1190 2122 inveneritis
1220 2090 1377 2132 predictos
1400 2090 1587 2124 Rmamm
1613 2096 1646 2126 et

183 2161 327 2192 Anium
342 2159 468 2201 prefato
481 2158 655 2191 Gummro
665 2158 828 2200 justiciam
843 2158 877 2190 in
893 2159 1003 2190 eadem
1015 2158 1143 2200 loquela
1154 2158 1265 2190 fecisse
1279 2161 1357 2190 tnnc
1371 2159 1446 2191 inde
1462 2160 1648 2194 nullatenus

183 2227 407 2260 intromittatis
422 2230 453 2258 et
469 2227 496 2259 si
510 2238 567 2269 per
581 2227 803 2259 reeitacionem
818 2230 851 2259 et
865 2226 1136 2259 examinationem
1151 2227 1308 2268 predictas
1322 2227 1460 2259 inveniri
1475 2229 1647 2272 eontigerit

183 2297 269 2338 ipsos
291 2295 476 2328 RchRncu
500 2301 532 2327 et
553 2296 697 2327 Annum
720 2295 824 2327 eidem
847 2294 1020 2327 Grannum
1042 2295 1076 2326 in
1100 2294 1300 2327 exhibicione
1321 2295 1449 2338 justicie
1464 2296 1499 2328 in
1521 2297 1648 2340 loquela
