1820 2548
1505 188 1567 219 803

143 344 326 376 edificatum
341 343 376 375 in
398 343 501 386 burgo
524 343 564 375 de
586 342 757 375 KAERDYF
780 344 866 386 quod
881 343 1011 385 quidem
1031 343 1202 375 dimidium
1218 342 1413 386 burgagium
1429 343 1612 375 edificatum

143 412 229 455 jacet
243 412 277 443 in
293 412 362 444 vieo
378 412 433 454 qui
449 414 579 444 vocatur
594 411 848 444 HUNDEMANBY
869 412 954 444 inter
968 411 1164 455 burgagium
1187 411 1313 444 ΤΗοΜΕ
1337 412 1376 444 de
1399 411 1611 444 LANCARVAN

143 481 178 512 in
192 485 284 523 parte
305 480 419 513 boriali
442 483 474 512 et
497 480 668 512 dimidium
689 479 886 523 burgagium
909 480 1034 513 ΤΗοΜΕ
1057 480 1142 512 TosE
1165 480 1200 512 in
1223 483 1313 522 parte
1329 480 1462 512 australi
1477 482 1509 512 et
1523 483 1610 512 tene-

143 552 290 582 mentum
305 549 479 581 NICHOLAI
496 548 620 581 Swmn
637 548 671 580 in
686 552 777 590 parte
793 549 940 581 orientali
956 551 988 580 et
1002 549 1088 580 viam
1106 548 1248 591 regalem
1263 548 1297 580 in
1313 551 1404 590 parte
1423 547 1612 580 occidentali

142 628 202 661 pro
231 617 350 660 viginti
379 616 488 649 solidis
517 617 744 659 sterlingorum
774 617 871 649 michi
900 629 956 660 pre
986 616 1134 649 manibus
1164 617 1293 659 pacatis.
1352 616 1551 648 Habendum
1582 619 1614 648 et

143 686 318 719 tenendum
333 685 512 728 predictum
532 685 703 717 dimidium
724 685 921 728 burgagium
943 685 1126 717 edificatum
1148 696 1221 717 eum
1243 685 1449 727 pertinenciis
1471 685 1613 727 predicto

144 753 314 786 Pmmpo
337 756 370 785 et
395 752 567 785 heredibus
591 753 656 785 suis
682 753 733 785 vel
760 753 931 796 assignatis
957 754 997 785 de
1021 753 1150 795 capitali
1177 753 1308 785 domino
1335 764 1391 795 per
1417 753 1561 785 redditus
1581 755 1614 785 et

143 822 275 855 servicia
290 822 365 854 inde
379 821 488 854 debita
505 824 538 854 et
553 824 703 854 consueta
718 821 816 854 libere
840 822 946 864 quiete
960 821 1042 854 bene
1058 825 1090 854 et
1112 822 1147 854 in
1169 833 1246 864 paee
1268 821 1340 864 jure
1363 821 1555 854 hereditario
1578 821 1612 853 in

144 894 343 933 perpetuum.
405 890 451 922 Et
481 901 542 933 ego
571 902 645 922 vero
675 890 836 933 predictus
866 890 1080 923 WILLELMUS
1111 894 1143 923 et
1171 890 1303 923 heredes
1333 890 1395 922 mei
1433 890 1613 932 predictum

145 959 317 991 dimidium
331 958 529 1002 burgagium
545 959 728 991 edificatum
743 970 816 991 eum
831 959 1036 1002 pertinenciis
1051 959 1193 1001 predicto
1214 959 1384 990 Pmmpo
1400 962 1432 991 et
1443 958 1614 991 heredibus

146 1028 211 1060 suis
232 1028 284 1060 vel
299 1027 470 1070 assignatis
485 1030 596 1060 eontra
611 1039 720 1060 omnes
740 1028 890 1060 mortales
911 1027 1187 1060 warentizabimus
1205 1030 1238 1060 et
1260 1027 1471 1059 defendemus
1493 1027 1610 1069 imper-

143 1099 287 1138 petuum.
334 1095 376 1127 In
399 1095 492 1138 cujus
514 1095 560 1128 rei
583 1096 804 1128 testimonium
827 1095 901 1127 huie
916 1096 1056 1138 presenti
1080 1099 1164 1128 carte
1180 1095 1325 1138 sigillum
1339 1106 1448 1127 meum
1464 1095 1606 1138 apposui.

146 1163 373 1197 Hiistestibus
392 1189 398 1196 .
417 1164 569 1196 Hnomm
594 1165 634 1196 de
661 1164 764 1197 RAm
788 1190 794 1197 .
819 1164 985 1197 JOHANNE
1009 1164 1081 1197 Con
1107 1190 1113 1196 .
1140 1164 1306 1197 Jomxm:
1331 1163 1430 1196 Omvx
1456 1190 1462 1196 .
1487 1163 1615 1196 THOMA

144 1233 264 1266 Loneo
281 1259 287 1265 .
306 1232 500 1266 WILLELMO
515 1233 545 1264 le
562 1233 774 1265 MARESCHAL
792 1259 797 1265 .
816 1236 846 1265 et
862 1233 974 1265 multis
993 1233 1072 1266 aliis.

187 1302 271 1341 Seal,
288 1302 368 1333 dark
383 1313 481 1344 green
498 1313 579 1341 wax,
598 1302 662 1334 lin.
680 1302 776 1335 diam.
823 1302 952 1341 Devioe,
970 1314 988 1334 a
1004 1305 1069 1334 star
1085 1303 1119 1335 of
1141 1303 1265 1334 sixteen
1280 1313 1364 1344 rays.

188 1370 378 1413 Legend—‘
397 1375 428 1407 -Ι-
451 1370 476 1402 s’
494 1370 608 1402 WILL'I
628 1370 687 1413 [LE
703 1370 882 1413 TAN]NER.’

732 1574 1032 1607 DCOXXXVHI.

145 1654 307 1687 GRANT
339 1655 403 1688 BY
436 1655 666 1696 WILLIAM,
699 1656 787 1689 SON
815 1656 874 1689 OF
907 1656 1114 1696 OSMUND,
1148 1656 1206 1688 ΤΟ
1238 1656 1321 1689 HIS
1352 1657 1440 1689 SON
1468 1657 1612 1690 THEo-

253 1723 392 1763 BALD,
427 1724 486 1756 OF
516 1724 549 1756 A
579 1724 809 1758 BURGAGE
840 1725 894 1757 IN
926 1724 1132 1764 KENFEG,
1166 1724 1264 1757 AND
1303 1726 1335 1757 A
1367 1725 1526 1758 HOUSE
1558 1726 1612 1759 IN

253 1791 470 1832 CARDIFF,
508 1793 586 1824 E'rc.

682 1837 853 1878 [MARGAM
877 1836 1071 1879 CHARTER]

190 1915 400 1948 Wuimmrs
426 1916 510 1948 filius
537 1918 695 1949 OsmnNm
728 1943 734 1950 .
767 1918 905 1950 dominis
936 1919 1000 1950 suis
1032 1943 1038 1950 .
1071 1923 1102 1950 et
1134 1918 1282 1950 omnibus
1312 1919 1421 1951 amieis
1448 1920 1512 1951 suis
1541 1945 1547 1950 .
1576 1924 1607 1952 et

144 1983 291 2016 omnibus
306 1983 489 2016 hominibus
505 1985 570 2017 suis
586 2010 592 2017 .
612 1985 757 2018 salutem.

184 2053 298 2084 Sciatis
320 2064 371 2085 me
394 2053 516 2085 dedisse
540 2058 570 2085 et
594 2054 764 2086 concessise
796 2054 979 2086 Tnnssnno
1005 2055 1070 2087 filio
1101 2067 1172 2087 meo
1203 2055 1397 2097 burgagium
1430 2067 1535 2088 meum
1567 2057 1606 2089 de

141 2120 311 2153 KENEFEG
327 2132 384 2163 pro
401 2122 529 2153 servitio
544 2133 610 2154 suo.
658 2121 711 2154 Ita
726 2122 825 2155 libere
841 2123 922 2155 sicut
945 2134 1004 2166 ego
1027 2123 1108 2155 illud
1125 2123 1215 2155 tenui
1239 2124 1278 2155 de
1301 2124 1415 2156 comite
1432 2149 1439 2156 .
1457 2129 1488 2156 et
1505 2136 1606 2157 unum

140 2190 318 2232 masagium
334 2190 368 2221 in
385 2189 516 2222 Omzmr
532 2201 626 2232 super
641 2191 725 2233 quod
748 2192 861 2223 domus
884 2203 941 2223 sua
955 2195 1003 2223 est
1027 2217 1033 2223 .
1059 2196 1090 2224 et
1113 2194 1215 2224 totam
1239 2191 1436 2224 anomss
1459 2193 1602 2226 croftam.

141 2257 186 2290 Et
211 2258 282 2289 volo
309 2261 340 2290 et
365 2259 501 2290 concedo
527 2259 612 2300 quod
638 2259 705 2301 ipse
729 2264 761 2291 et
786 2259 917 2291 heredes
941 2260 990 2291 sui
1013 2262 1144 2292 teneant
1165 2259 1222 2291 hee
1248 2260 1356 2292 omnia
1376 2261 1416 2292 de
1439 2272 1490 2292 me
1509 2266 1541 2293 et
1565 2262 1606 2294 de
