1820 2548
196 170 259 201 930

149 325 312 357 monachis
333 325 388 367 qui
409 325 528 357 ibidem
551 325 620 357 Deo
644 325 785 357 serviunt
803 347 809 354 .
825 324 859 356 in
875 325 1080 357 elemosinam
1097 351 1102 356 .
1120 335 1321 357 communem
1336 327 1499 367 pasturam
1512 325 1612 358 totius

148 395 231 426 terre
253 405 322 426 mee
346 405 386 426 ex
411 397 458 426 est
484 396 574 436 parte
599 394 638 426 de
665 393 768 426 Nam
796 396 953 435 quantum
979 395 1064 426 terra
1088 405 1158 426 mea
1184 394 1280 426 durat
1307 393 1341 425 in
1363 393 1499 436 longum
1523 396 1555 426 et
1576 393 1611 426 in

149 461 252 493 latum
266 487 272 493 .
286 461 403 503 ubique
417 487 424 493 .
439 464 470 494 et
484 461 519 494 in
533 461 626 494 bosco
642 464 673 494 et
688 462 722 493 in
738 462 834 503 plano
851 461 892 493 ad
907 461 1015 494 omnia
1030 461 1219 494 aisiamenta
1234 473 1291 494 sua
1306 488 1312 493 .
1327 462 1368 494 ad
1383 461 1567 494 habendum
1577 463 1610 494 et

151 530 327 562 tenendum
357 530 455 562 libere
485 533 517 562 et
546 530 652 572 quiete
684 529 724 562 ab
758 529 845 562 omni
881 529 1010 562 servitio
1047 532 1078 562 et
1116 530 1343 562 consuetudine
1380 533 1412 562 et
1449 531 1613 563 exactione

150 599 283 630 seculari
299 623 306 630 .
323 599 404 630 siout
426 599 493 630 ulla
514 599 685 631 elemosina
705 598 837 631 liberius
851 598 962 631 haberi
977 601 1009 630 et
1024 599 1126 631 teneri
1142 601 1245 641 potest
1262 624 1268 630 .
1286 599 1331 631 ita
1347 599 1432 641 quod
1447 610 1613 641 nunquam

150 666 356 699 admittemus
380 678 483 709 neque
507 678 567 710 ego
588 678 690 709 neque
714 667 845 699 heredes
867 667 930 699 mei
953 667 1077 709 aliquos
1100 667 1183 699 viros
1205 667 1369 709 religiosos
1393 667 1427 699 in
1448 669 1612 710 pasturam

150 735 252 776 ipsam
273 738 378 777 preter
395 735 552 777 predictos
574 735 752 768 monachos.
808 735 853 767 Et
872 735 1034 767 sciendum
1056 736 1140 777 quod
1162 747 1222 778 ego
1243 738 1274 768 et
1296 738 1387 777 pater
1409 746 1498 768 meus
1521 747 1614 778 super

151 802 331 834 sanctuaria
355 803 533 844 juravimus
560 804 645 845 quod
670 803 727 835 heo
757 803 864 835 omnia
894 803 1028 836 firmiter
1057 807 1089 836 et
1119 804 1256 836 fideliter
1285 803 1525 836 observabimus
1549 829 1556 836 .
1581 806 1613 836 et

150 870 300 912 predictis
323 871 484 902 monachis
507 871 784 903 warantizabimus
815 874 924 903 eontra
946 882 1054 903 omnes
1077 871 1220 903 homines
1241 873 1309 903 tam
1331 871 1494 914 religiosos
1516 882 1612 914 quam

150 938 305 970 seculares
329 938 410 970 siout
433 939 638 971 elemosinam
665 942 806 971 nostram
832 939 866 971 in
895 942 1092 981 perpetuum.
1139 939 1204 971 His
1223 939 1379 972 testibus.
1398 939 1516 971 HmA
1535 942 1615 972 tuno

152 1006 271 1038 decano
300 1032 305 1038 .
335 1006 513 1038 MAURITIO
544 1006 717 1049 presbitero
746 1033 752 1039 .
778 1007 942 1039 Mfflrmo
971 1006 1144 1049 presbitero
1173 1033 1179 1039 .
1212 1007 1373 1039 HEcho
1404 1007 1577 1050 presbitero
1606 1033 1613 1040 .

152 1074 268 1106 Davm
295 1074 468 1117 presbitero
492 1100 499 1107 .
525 1075 665 1107 Romam
696 1075 761 1107 fih'o
784 1075 890 1108 sz
916 1101 922 1107 .
946 1076 1063 1108 DAvu)
1094 1075 1252 1107 PUGNmL
1276 1101 1283 1108 .
1308 1076 1472 1108 JOHANNE
1499 1075 1586 1108 Soon
1607 1101 1614 1108 .

153 1142 278 1175 (ἔπη-ΝΗ
296 1143 361 1175 filio
377 1143 551 1175 JOHANNIS
569 1169 575 1175 .
593 1147 625 1176 et
641 1143 712 1175 aliis
728 1144 846 1175 multis.

195 1211 561 1243 Endorsed—‘Leissan
587 1212 625 1243 de
652 1212 813 1244 communi
836 1215 966 1254 pastura
987 1223 1042 1244 sua
1061 1223 1100 1244 ex
1123 1215 1170 1243 est
1194 1214 1284 1253 parte
1307 1213 1346 1244 de
1369 1211 1480 1244 Neth.'
1534 1213 1612 1244 And

151 1279 241 1318 later,
260 1282 267 1295 ‘
284 1291 342 1311 neo
357 1280 528 1312 admittere
546 1280 648 1311 alios.'

198 1346 317 1379 Round
341 1348 416 1386 seal,
432 1347 542 1380 brown
558 1359 639 1387 wax,
656 1349 720 1380 2111.
747 1348 841 1380 diam.
888 1348 957 1380 The
978 1359 1093 1387 owner,
1115 1348 1242 1387 Leisan,
1264 1349 1417 1392 kneeling
1443 1349 1552 1381 before
1574 1360 1616 1382 an

153 1414 274 1454 Abbot,
289 1415 361 1447 who
376 1415 468 1448 holds
483 1427 502 1447 a
517 1415 609 1455 book,
627 1417 690 1448 and
706 1417 733 1448 is
748 1416 888 1458 blessing
904 1415 980 1447 him.

570 1487 596 1515 ‘.
616 1509 623 1515 .
643 1510 649 1516 .
668 1495 793 1515 mmm
812 1510 818 1515 .
836 1495 954 1516 LmSAN
973 1508 980 1515 .
998 1494 1053 1516 ΡΠ,
1071 1509 1179 1516 .....
1200 1485 1207 1496 ’

200 1551 348 1584 Another
369 1563 449 1594 copy
465 1553 492 1584 is
515 1553 682 1594 preserved
702 1556 735 1584 at
757 1552 905 1595 Margum
922 1552 999 1584 with
1021 1564 1040 1584 a
1060 1553 1133 1591 soal,
1150 1553 1229 1584 dark
1245 1553 1301 1585 red
1317 1565 1397 1593 wax,
1416 1554 1500 1595 lssin.
1518 1554 1615 1586 diam.

157 1619 212 1652 An
229 1621 338 1652 armed
353 1620 455 1663 figure
471 1621 580 1663 riding
595 1624 628 1652 to
643 1621 698 1652 the
713 1632 827 1662 proper
842 1620 911 1660 left,
927 1621 1016 1663 right
1031 1632 1100 1652 arm
1116 1621 1284 1660 extended,
1301 1623 1403 1654 sword
1417 1622 1529 1655 raised.

204 1687 393 1730 Legend—‘
410 1694 440 1725 -ί-
462 1689 582 1720 smnm’
601 1700 720 1720 LEISAN
738 1688 803 1720 FIL’
822 1714 828 1720 .
847 1688 1022 1720 tuomum?

205 1755 274 1787 The
290 1756 373 1788 label
389 1757 423 1787 of
437 1757 492 1788 tho
508 1757 571 1789 seal
587 1757 613 1788 is
629 1756 838 1789 inscribed—‘
851 1757 889 1788 de
905 1757 1041 1789 seeundo
1057 1757 1186 1799 sigillo.’

207 1824 429 1855 Endorsed—‘
441 1824 647 1856 Confirmatio
686 1824 802 1857 Leisan
834 1825 872 1856 de
903 1825 1063 1856 communi
1093 1825 1261 1866 pastura'3
1296 1826 1400 1858 added
1429 1826 1463 1858 in
1493 1838 1512 1858 a
1541 1826 1622 1859 later

164 1878 305 1910 hand—‘
316 1891 356 1911 ex
371 1883 438 1911 east
453 1882 543 1921 parte
559 1880 598 1911 de
614 1880 726 1912 Neth.'
