1820 2548
218 195 281 226 734

787 385 1019 418 DCLXXIII.

173 468 386 507 WALTER,
417 468 514 500 THE
553 467 836 500 OARPENTER
879 466 936 497 OF
976 464 1237 505 DYNAPOYS,
1277 464 1460 497 GRANTS
1499 464 1630 496 LAND

377 537 430 569 IN
469 536 734 575 DYNAPOYS,
773 535 829 567 TO
873 534 1075 567 WALTER
1116 534 1180 566 DE
1226 532 1434 565 RENGNY.

666 616 770 658 [Ano.
796 615 970 653 CHARTER,
993 614 1139 657 24‚260.]
1510 612 1586 645 S.D.

215 698 323 730 Sciant
346 704 507 740 presentes
529 701 561 728 et
583 697 686 728 futuri
710 697 794 737 quod
818 707 877 738 ego
901 694 1096 727 WALTERUS
1119 694 1335 736 carpentarius
1355 694 1395 725 de
1410 693 1529 725 DYNAS
1545 692 1632 724 Povs

172 767 246 798 dedi
263 766 398 798 concessi
414 769 444 798 et
460 765 519 797 hae
532 765 670 807 presenti
687 767 773 796 carta
785 775 856 795 mea
869 763 1053 795 confirmavi
1066 762 1240 795 Wimmo
1253 763 1292 794 de
1304 761 1454 794 mexv
1465 761 1633 793 dimidiam

171 846 276 866 aeram
293 834 375 876 prati
392 845 464 865 cum
479 833 685 875 pertinenciis
701 832 765 864 suis
788 832 827 863 de
843 831 941 863 libero
964 834 1146 863 tenemento
1167 841 1238 862 meo
1252 830 1287 861 in
1302 829 1445 861 manerio
1460 830 1500 861 de
1516 828 1632 860 DYNA-

172 913 259 934 Pox's,
307 902 378 937 Que
395 902 524 944 quidem
540 901 674 933 dimidia
690 912 760 932 aera
777 900 860 942 prati
881 900 965 941 jacet
980 900 1014 931 in
1038 899 1246 930 PAPELMORE
1269 898 1386 929 seilicet
1406 898 1490 929 inter
1505 900 1634 939 pratum

169 975 246 1003 tuno
261 971 431 1003 WALrEm
448 970 506 1001 filii
522 970 639 1002 DAvm
655 972 687 1000 et
702 974 830 1011 pratum
846 968 942 1000 Emz
958 967 1016 999 filii
1040 967 1186 999 Rmnm
1210 966 1269 998 filii
1294 966 1398 998 Pmus
1421 966 1506 997 unde
1528 976 1631 998 unum

171 1041 273 1082 capud
300 1039 444 1070 extendit
477 1050 508 1070 se
539 1049 646 1070 versus
683 1037 866 1068 Buemms
897 1037 1032 1067 alterum
1061 1036 1163 1077 capud
1194 1034 1339 1066 extendit
1369 1046 1400 1066 se
1437 1035 1478 1065 ad
1516 1036 1634 1065 terram

170 1108 436 1140 WALLENSICAM.
481 1106 676 1138 Habendam
692 1108 724 1137 et
735 1105 907 1137 tenendam
920 1105 959 1135 de
971 1115 1020 1135 me
1033 1107 1065 1135 et
1076 1102 1246 1135 heredibus
1258 1102 1336 1134 meis
1348 1102 1409 1134 sibi
1421 1104 1453 1134 et
1464 1101 1635 1135 heredibus

170 1177 233 1208 suis
257 1176 306 1207 vel
332 1175 501 1217 assignatis
532 1174 596 1206 suis
620 1173 718 1206 libere
749 1173 855 1215 quiete
887 1173 1011 1214 integre
1035 1176 1066 1203 et
1094 1171 1292 1203 hereditarie.
1352 1170 1529 1202 Reddendo
1559 1170 1634 1203 inde

170 1245 338 1276 annuatim
354 1255 424 1275 meo
440 1247 471 1275 et
490 1242 660 1274 heredibus
675 1242 754 1273 meis
768 1242 835 1283 ipse
851 1246 882 1272 et
898 1241 1028 1272 heredes
1044 1240 1092 1271 sui
1116 1239 1166 1271 vel
1188 1238 1343 1281 assignati
1359 1250 1458 1270 unam
1474 1250 1577 1271 rosam
1593 1239 1635 1271 ad

170 1313 288 1345 festum
311 1313 490 1344 nativitatis
512 1311 599 1343 beati
621 1310 644 1343 J
646 1321 795 1342 OHANXIS
819 1309 985 1341 Bimisw
1009 1319 1065 1350 pro
1089 1307 1236 1340 omnibus
1256 1307 1395 1339 serviciis
1409 1307 1546 1348 querelis
1560 1318 1633 1339 con-

171 1381 395 1414 suetudinibus
411 1380 502 1412 sectis
518 1379 677 1411 curiarum
693 1378 822 1410 auxiliis
840 1377 965 1409 releviis
980 1376 1110 1408 herietis
1125 1379 1156 1408 et
1179 1375 1327 1407 omnibus
1349 1375 1420 1406 aliis
1442 1375 1635 1407 secularibus

171 1450 345 1482 demandis.
393 1449 456 1480 Pro
468 1448 530 1480 hiis
542 1452 650 1479 autem
662 1446 835 1478 donaeione
851 1445 1047 1477 concessione
1061 1447 1092 1476 et
1108 1447 1192 1476 carte
1205 1455 1274 1475 mee
1289 1443 1530 1475 confirmacione
1545 1443 1635 1475 dedit

170 1518 250 1550 mihi
267 1518 428 1559 predictus
440 1516 636 1549 Wimmzrs
651 1516 691 1546 de
703 1514 852 1546 Res-<m-
865 1514 972 1545 deeem
985 1513 1100 1545 solidos
1113 1512 1339 1554 sterlingorum
1351 1511 1385 1543 in
1396 1512 1550 1553 ingressu.
1589 1511 1636 1543 Et

170 1598 230 1628 ego
254 1586 414 1628 predictus
436 1584 632 1616 WALTERUS
655 1583 871 1625 carpentarius
894 1587 923 1613 et
948 1581 1078 1613 heredes
1101 1581 1163 1612 mei
1186 1579 1443 1622 prenominatam
1465 1579 1634 1611 dimidiam

172 1666 276 1686 aeram
292 1654 376 1696 prati
392 1664 466 1684 cum
477 1651 682 1694 pertinenciis
698 1651 762 1682 suis
777 1651 919 1692 predicto
936 1649 1110 1681 Wmmmo
1127 1650 1166 1681 de
1183 1648 1331 1680 RENGNY
1344 1650 1376 1679 et
1387 1647 1557 1679 heredibus
1571 1648 1636 1679 suis

171 1723 221 1754 vel
244 1721 414 1764 assignatis
437 1721 500 1752 suis
520 1720 554 1751 in
574 1722 764 1762 perpetuum
786 1721 895 1750 contra
919 1729 1027 1749 omnes
1045 1717 1190 1749 homines
1215 1719 1247 1748 et
1274 1715 1411 1747 feminas
1429 1715 1634 1747 warantizare

171 1791 350 1832 acquietare
366 1793 397 1822 et
413 1789 585 1821 defendere
601 1791 756 1819 tenemur.
804 1787 849 1818 Et
873 1790 908 1818 ut
931 1786 988 1817 heo
1003 1796 1074 1817 mea
1096 1785 1228 1817 donacio
1248 1783 1403 1815 concessio
1419 1786 1451 1815 et
1466 1785 1551 1815 carte
1565 1793 1636 1815 mee

171 1858 372 1890 confirmacio
402 1860 470 1888 rate
501 1859 533 1888 et
564 1855 692 1888 stabiles
727 1857 935 1897 permaneant
964 1853 1047 1885 hane
1083 1855 1262 1894 presentem
1292 1854 1411 1883 cartam
1442 1850 1542 1893 sigilli
1571 1850 1635 1882 mei

171 1927 366 1968 inpressione
384 1925 539 1957 roboravi.
597 1923 674 1955 Hiis
694 1923 828 1955 testibus
845 1947 852 1954 .
869 1922 1010 1954 Domino
1030 1921 1190 1953 Romam
1205 1921 1245 1952 de
1261 1919 1400 1951 sommus
1417 1945 1422 1950 .
1441 1918 1634 1951 WILLELMo

172 1996 211 2026 de
228 1994 376 2026 Rima-m·
394 2019 399 2025 .
419 1993 587 2025 PHILIPPO
603 1992 632 2023 le
650 1991 716 2023 Son
733 2017 738 2023 .
753 1991 947 2023 Wumssmto
959 1990 998 2021 de
1011 1989 1133 2021 Bmm-
1150 2014 1156 2020 .
1176 1988 1330 2020 Rmfflno
1342 1988 1381 2019 de
1397 1986 1512 2018 OOGAN
1530 2011 1536 2017 .
1554 1986 1633 2018 ΑΒΔ

170 2063 237 2094 filio
253 2062 421 2094 Dis-mm
439 2088 444 2092 .
463 2061 658 2093 Wunmm
673 2059 739 2091 filio
755 2059 935 2091 Alemzm
955 2084 960 2089 .
979 2061 1010 2090 et
1026 2057 1136 2089 inultis
1152 2056 1231 2088 aliis.

216 2130 316 2163 Small
332 2131 435 2162 round
452 2129 526 2167 seal,
544 2139 640 2170 green
657 2139 746 2159 wax:
771 2139 790 2158 a
805 2130 929 2158 rosette.

650 2207 658 2219 ‘
674 2208 705 2239 4-
727 2202 752 2233 s'
770 2227 776 2233 .
795 2211 948 2232 wamma
968 2226 973 2231 .
992 2193 1158 2231 οΑκΡῇ-ἷῐ]
