1820 2548
1549 187 1610 219 895

187 346 234 378 Et
256 357 296 377 ne
329 346 481 388 premissa
503 345 639 377 convelli
662 345 790 376 valeant
814 347 861 376 set·
891 345 1051 376 firmitatis
1073 343 1170 376 robur
1192 343 1428 386 imperpetuum
1452 343 1616 385 optineant
1642 369 1648 374 .

186 417 366 457 presentem
382 417 502 446 cartam
517 413 616 456 sigini
631 413 695 444 mei
709 412 916 454 impressione
931 412 1085 444 roboravi.
1133 411 1210 444 Hiis
1225 411 1368 444 testibus.

230 482 452 514 Endorsed—‘
466 481 623 514 willelmi
665 482 705 513 de
750 481 954 513 Bellomonte
1000 481 1039 512 de
1080 481 1209 512 redditu
1254 491 1299 512 V1.
1347 480 1519 512 solidorum
1564 481 1650 522 apud

187 549 402 583 Bristollumss

773 641 1065 675 DCCLXXXVI.

189 724 476 758 COMMISSION
503 723 562 756 OF
584 723 808 759 ENQUIRY
832 723 945 755 INTO
970 723 1068 755 THE
1092 722 1391 755 HOSTILITIES
1414 722 1652 755 BETWEEN

298 786 396 819 THE
430 785 560 818 EARL
594 785 910 824 GLOUCESTER,
939 785 1072 818 WITH
1100 785 1181 817 HIS
1211 785 1317 817 ΜΕΝ
1348 785 1406 818 OF
1436 784 1652 817 MORGAN-

296 848 434 888 NOCK,
465 847 575 888 ETG„
605 848 708 881 AND
746 848 844 880 THE
872 848 1001 880 EARL
1028 847 1087 880 OF
1113 847 1386 887 HEREFORD,
1414 847 1547 881 WITH
1573 847 1654 880 HIS

297 911 403 943 ΜΕΝ
433 910 492 943 OF
522 910 820 943 BRECKNOCK.

396 991 633 1035 [PLAcrrORoM
656 991 906 1030 ABBREVIATIO,
931 991 1011 1023 Rae.
1038 991 1160 1030 Coun„
1185 992 1280 1030 1811,
1304 1003 1335 1033 p.
1360 990 1454 1033 227]

928 1060 1070 1092 Hunni*
1093 1059 1205 1091 TERM.
1251 1060 1293 1091 20
1317 1059 1415 1091 Enw.
1440 1058 1469 1091 Ι.
1519 1059 1611 1090 1292.

229 1142 280 1175 Ob
300 1142 552 1184 quampliuimos
573 1153 717 1174 excessus
732 1153 818 1173 more
837 1142 945 1173 hostili
961 1153 1033 1173 cum
1049 1141 1166 1173 vexillo
1187 1141 1354 1183 displicato
1375 1152 1431 1182 per
1447 1140 1652 1173 GILBERTUM

185 1212 225 1244 de
241 1210 356 1243 CLARE
373 1210 521 1242 comitem
538 1209 771 1242 GLOUCESTRIE
789 1213 819 1242 et
837 1210 1065 1241 HERTFORDIE
1081 1212 1112 1241 et
1128 1209 1272 1241 homines
1288 1220 1360 1240 suos
1375 1209 1415 1240 de
1433 1208 1653 1240 MORGANNON

187 1279 294 1312 illatos
323 1282 433 1311 contra
463 1278 687 1311 Hom-mmm
718 1279 757 1310 de
788 1278 913 1310 Bonos
953 1278 1101 1309 comitem
1131 1277 1385 1309 HEREFFORDIE
1416 1279 1447 1309 et
1485 1276 1593 1308 EssEx
1624 1279 1656 1307 et

184 1347 330 1380 homines
350 1359 422 1379 suos
443 1348 482 1379 de
505 1347 740 1379 Bumssxocm:
762 1347 912 1379 dominus
928 1346 999 1378 Rex
1021 1346 1197 1388 assignavit
1216 1346 1399 1388 episcopum
1420 1345 1600 1377 Eimxsmt
1624 1348 1656 1376 et

185 1416 265 1448 alios
280 1415 510 1448 commissarios
526 1416 567 1447 ad
582 1416 821 1459 inquirendum,
838 1419 895 1447 etc.

768 1556 1079 1590 DCCLXXXVII.

188 1640 407 1675 WILLIAM
436 1640 500 1673 DE
532 1639 765 1678 OORNELY,
793 1638 882 1670 SON
912 1638 971 1670 OF
1003 1637 1161 1670 ROGER
1191 1638 1254 1670 DE
1286 1637 1518 1675 OORNELY,
1545 1636 1650 1669 CON-

295 1702 440 1735 FIRMS
470 1702 527 1735 TO
559 1701 727 1735 NEATH
757 1700 921 1733 ABBEY
951 1699 1114 1732 THREE
1145 1699 1294 1732 AORES
1325 1699 1380 1731 IN
1418 1698 1649 1738 CORNELY,

295 1764 510 1798 BEOAUSE
540 1764 640 1797 THE
664 1762 827 1796 ABBEY
851 1762 1074 1794 TREATED
1102 1761 1183 1794 HIS
1208 1761 1406 1794 FATHER
1431 1761 1649 1793 HONOUR-

295 1827 425 1860 ABLY
455 1827 509 1859 IN
541 1826 663 1859 FOOD
696 1825 796 1857 ΛΝΒ
828 1824 1081 1857 CLOTHING.

724 1906 898 1949 [MARGAM
923 1905 1116 1949 CHARTER]
1513 1905 1606 1936 1293.

228 1989 398 2022 Universis
413 1988 552 2021 Cnmsm
570 1988 717 2020 fidelibus
732 1988 773 2020 ad
789 1999 867 2029 quos
883 1998 1009 2029 presens
1025 1987 1179 2029 scriptum
1194 1986 1376 2028 pervenerit
1385 1985 1599 2018 W1LLELMUS
1611 1985 1651 2016 de

185 2057 346 2089 CORNELY
362 2057 449 2089 filius
464 2060 495 2089 et
511 2056 601 2089 heres
617 2056 751 2089 Romam
768 2056 807 2087 de
824 2055 984 2088 CORNELY
1000 2055 1136 2087 salutem
1151 2055 1186 2086 in
1201 2055 1331 2086 domino
1348 2054 1583 2096 sempiternam.

229 2125 366 2157 Noverit
385 2125 574 2157 universitas
595 2128 699 2156 vestra
717 2135 768 2156 me
786 2124 971 2156 concessisse
992 2129 1023 2155 et
1045 2123 1244 2155 confinnasse
1260 2123 1331 2155 Deo
1346 2124 1379 2154 et
1394 2121 1520 2154 ecclesie
1536 2121 1652 2153 Sancte

185 2193 307 2226 Mnus
323 2194 362 2226 de
378 2193 482 2226 Num
498 2196 530 2225 et
545 2193 708 2225 monachis
727 2192 846 2225 ibidem
862 2192 933 2225 Deo
949 2191 1160 2224 servientibus
1175 2181 1254 2223 dues
1270 2202 1358 2223 acras
1373 2193 1455 2222 terre
1471 2189 1599 2221 arabilis
1615 2190 1648 2221 in

184 2262 280 2294 feudo
296 2263 335 2294 de
351 2262 509 2294 Comum
528 2273 607 2304 quas
628 2264 717 2303 pater
732 2272 822 2293 meus
837 2272 894 2303 pro
910 2262 996 2293 victu
1012 2264 1043 2292 et
1059 2260 1177 2292 vestitu
1198 2260 1261 2291 illis
1277 2259 1366 2291 dedit
1381 2261 1413 2290 et
1428 2258 1578 2290 concessit
1594 2269 1650 2300 per
