1820 2548
251 172 314 204 874

200 331 231 359 et
254 331 337 359 recte
360 328 512 370 disposita
534 339 679 370 processu
701 328 852 370 temporis
874 328 907 359 in
931 328 1077 361 reoidivae
1107 329 1318 361 contentionis
1341 329 1526 372 scrupulum
1554 329 1659 362 relax-

201 399 305 428 antur.
362 395 501 429 Suborta
525 396 681 438 siquidem
708 396 792 428 inter
817 407 875 428 nos
899 407 938 428 ex
967 398 1058 439 parte
1086 408 1152 429 una
1181 399 1213 429 et
1243 397 1449 429 GrLBER‘rUM
1478 398 1518 429 de
1546 397 1660 430 GLARR

200 463 348 495 comitem
376 462 618 496 Giiotvcssrmffi
645 466 677 495 et
707 464 946 496 HERTFORmAE
970 476 1010 496 ex
1039 465 1138 497 altera
1168 477 1262 507 super
1292 465 1497 497 advocatione
1523 465 1662 498 eoolesioe

199 531 440 563 LANDAszsm
461 534 493 563 et
516 532 658 563 custodia
671 532 897 575 temporalium
918 533 1067 575 predictae
1088 533 1225 565 ecclesiae
1248 545 1284 565 ao
1306 533 1527 566 collationibus
1552 533 1658 576 digni-

197 602 302 632 tatum
323 603 354 632 et
372 600 605 642 prebendarum
628 600 661 631 in
685 601 795 632 eadem
821 601 894 633 sede
916 600 1139 633 LANDAVENSI
1164 604 1294 633 vacante
1321 601 1455 633 materia
1474 601 1658 643 questionis,

196 679 280 700 anno
304 668 436 700 Domini
453 679 565 700 mccxc.
592 669 626 700 in
651 669 787 700 crastino
817 669 996 701 animarum
1022 671 1108 712 apud
1138 669 1303 701 CLIPSTON
1327 681 1384 712 pro
1410 669 1501 702 nobis
1523 670 1658 712 proponi

195 736 329 768 fecimus
345 739 454 769 contra
469 737 616 769 comitem
631 737 821 779 praedictum
837 738 922 780 quod
936 738 1072 780 praefata
1087 738 1252 770 advocatio
1264 738 1401 770 ecclesiae
1417 737 1658 771 LANnAvnms

194 805 337 837 custodia
363 805 587 847 temporalium
613 807 646 837 et
673 805 856 837 collationes
893 806 1090 848 dignitatum
1127 814 1159 838 et
1195 806 1439 848 praebendarmn
1476 806 1511 838 in
1548 807 1658 838 eadem

191 873 321 906 ecclesia
351 874 423 905 sede
454 873 678 905 LANDAVENSI
710 876 853 913 vacante,
885 885 949 906 non
980 874 1021 906 ad
1058 874 1179 906 dictum
1209 874 1356 906 comitem
1387 875 1442 906 sed
1471 875 1513 906 ad
1537 886 1595 907 nos
1624 877 1657 907 et

191 945 307 974 nostrae
336 953 458 973 coronae
485 942 689 984 (lignitatem,
721 942 803 974 sicut
829 942 862 974 in
890 942 1000 974 ceteris
1020 942 1156 974 ecclesiis
1180 942 1414 974 cathedralibus
1442 942 1535 985 regni
1557 942 1657 975 nostri

190 1010 348 1048 ANGLIAE,
374 1011 413 1042 de
437 1010 508 1053 jure
530 1012 561 1042 et
585 1010 677 1053 regni
704 1011 932 1042 consuetudine
962 1010 1173 1053 pertinebant.
1235 1009 1280 1041 Et
1313 1010 1397 1052 quod
1435 1010 1654 1053 progenitores

188 1080 288 1111 nostri
306 1079 412 1121 Reges
427 1079 574 1110 Amnon
590 1079 645 1120 qui
662 1090 717 1120 pro
735 1082 876 1121 tempore
893 1079 1021 1110 fuerant
1036 1079 1206 1120 praemissis
1228 1078 1278 1110 uti
1301 1080 1533 1110 consueverunt
1555 1078 1651 1120 pleno

186 1147 268 1190 jure,
293 1150 325 1179 et
348 1148 433 1189 quod
456 1147 517 1189 piae
540 1147 701 1179 memoriae
725 1147 907 1178 HstcUs
930 1146 1114 1189 progenitor
1136 1148 1243 1178 noster
1265 1147 1320 1189 qui
1342 1147 1487 1188 proximo
1502 1146 1650 1189 regnavit

187 1219 262 1247 ante
283 1227 340 1247 nos
365 1242 370 1247 .
396 1216 429 1247 in
453 1216 616 1247 vacatione
638 1215 798 1257 praetlictae
829 1214 1069 1246 LANDAVENSIS
1100 1215 1236 1246 ecelesiae
1268 1226 1324 1256 per
1350 1217 1484 1247 mortem
1508 1214 1652 1254 ΗΕΒΥΕ,

188 1285 349 1326 quondam
388 1284 446 1315 loci
485 1284 571 1315 illius
601 1283 748 1326 episcopi,
786 1283 943 1315 commisit
976 1283 1164 1325 temporalia
1195 1283 1421 1316 WALERANDO
1460 1282 1654 1314 ΤΕυτοΝῐοο

187 1353 293 1391 militi,
333 1353 397 1395 qui,
437 1353 527 1384 finita
567 1353 677 1383 eadem
717 1352 890 1391 vacatione,
929 1351 1063 1383 contulit
1101 1362 1199 1382 unam
1243 1351 1447 1393 praebendam
1485 1353 1651 1383 vacantem

187 1422 341 1464 magistro
368 1421 562 1453 Wumsmxo
599 1422 639 1452 de
676 1420 808 1459 Bmzeo,
836 1423 913 1451 tnnc
941 1419 1137 1451 thesaurario
1167 1419 1356 1451 warderobae
1387 1430 1462 1458 suae,
1495 1421 1527 1450 et
1556 1419 1652 1451 aliam

186 1490 392 1533 przebendam
419 1489 583 1521 Aram-,no
609 1490 647 1520 de
670 1489 859 1528 FESCAMPQ
883 1490 961 1520 tunc
991 1487 1245 1519 subthesaurario
1276 1487 1420 1529 ejusdem
1448 1486 1650 1526 warderobae,

187 1562 218 1591 et
234 1559 526 1590 archidiaconatum
542 1557 804 1589 LANDAVENSEM
820 1556 947 1588 cuidam
970 1555 1105 1587 'PHOMAE
1120 1557 1197 1587 tunc
1219 1554 1382 1597 capellano
1406 1554 1467 1596 piae
1490 1554 1652 1587 memoriae

187 1628 378 1660 Aruzxouffi
402 1627 513 1658 matris
535 1629 661 1658 nostrae.
708 1625 948 1667 Adjectumque
972 1624 1078 1656 fuerat
1099 1635 1139 1655 ex
1161 1626 1250 1665 parte
1274 1626 1382 1655 nostra
1404 1624 1491 1665 quod
1513 1623 1649 1665 episcopi

187 1695 444 1733 lensvaxsss,
470 1695 524 1736 qui
548 1706 604 1736 pro
628 1698 769 1736 tempore
792 1693 933 1732 fuerunt,
958 1695 1127 1724 tenuerant
1149 1691 1314 1723 baroniam
1338 1703 1428 1723 suam
1451 1694 1483 1723 et
1498 1694 1597 1723 terras
1620 1693 1652 1723 et

188 1764 396 1807 possessiones
420 1775 437 1795 a
461 1762 717 1805 progenitoribus
740 1761 854 1794 nostris
877 1761 1025 1801 Assum
1046 1759 1176 1802 regibus
1198 1762 1230 1792 et
1259 1772 1278 1792 a
1308 1759 1407 1798 nobis,
1439 1759 1601 1801 nichilque
1632 1770 1652 1790 a

189 1833 319 1864 domino
350 1832 463 1863 comite
501 1843 555 1863 seu
585 1831 684 1873 ipsius
721 1830 1000 1873 progenitoribus:
1046 1829 1093 1861 Et
1129 1829 1224 1871 quod,
1262 1828 1391 1860 ecclesia
1428 1827 1650 1859 LANDAVENSI

191 1905 333 1935 vacante,
364 1900 505 1931 canonici
537 1899 681 1941 ejusdem
712 1910 775 1930 non
807 1910 825 1930 a
857 1897 1025 1930 comitibus
1055 1900 1102 1929 set
1139 1908 1157 1928 a
1187 1896 1315 1938 regibus
1345 1898 1461 1937 petunt
1490 1895 1652 1926 licentiam

191 1969 352 2012 eligendi:
377 1968 475 1999 Unde
498 1979 554 2009 pro
579 1967 668 1998 nobis
683 1967 880 2009 propositum
895 1967 1002 1998 extitit
1019 1966 1104 2008 quod
1119 1966 1204 1997 idem
1221 1964 1260 1997 G.
1285 1975 1387 1996 comes
1411 1963 1652 1995 Groucnsrmffi

191 2041 221 2070 et
252 2037 489 2069 Hamromnffz
520 2036 553 2067 in
583 2035 732 2077 praesenti
762 2035 926 2066 vacatione
956 2035 1101 2076 ejusdem
1132 2032 1268 2065 ecclesiae
1307 2043 1363 2073 per
1391 2032 1527 2063 mortem
1557 2030 1649 2062 bonae

191 2106 351 2139 memorioe
379 2105 432 2138 W.
461 2106 500 2136 (le
525 2104 678 2143 Buswos,
706 2115 808 2145 nuper
834 2103 1057 2135 mevnnsx
1089 2101 1236 2144 episcopi,
1267 2099 1445 2142 praemissas
1475 2098 1650 2130 custodiam

190 2174 416 2216 temporalium
441 2176 472 2205 et
497 2172 679 2205 collationes
706 2171 904 2214 dignitatum
934 2173 967 2202 et
995 2169 1239 2212 praebendarum
1270 2167 1359 2199 nullo
1385 2167 1458 2209 jure
1488 2168 1582 2198 utens
1610 2166 1650 2198 de

192 2244 277 2276 facto
299 2253 371 2274 cum
394 2242 433 2273 de
455 2241 526 2283 jure
550 2251 614 2272 non
638 2243 752 2282 posset,
774 2239 809 2271 in
831 2238 985 2281 injuriam
1008 2241 1041 2270 et
1063 2236 1302 2279 derogationem
1318 2245 1441 2267 coronae
1457 2236 1573 2266 nostrae
1591 2233 1652 2266 sibi
