1820 2548
1543 195 1626 226 1135

203 357 417 402 premanibus.
464 357 509 389 Et
527 360 565 388 ut
579 357 638 388 hec
653 367 723 388 mea
739 355 873 387 donacio
894 353 1050 386 concessio
1066 355 1098 385 et
1113 352 1268 395 presentis
1284 354 1368 384 carte
1383 363 1453 383 mee
1469 350 1668 383 confirmacio

204 430 274 460 rata
304 429 335 459 et
367 426 488 459 stabilis
513 426 750 467 imperpetuum
776 425 960 466 permaneat
990 448 995 454 .
1024 422 1106 453 hanc
1133 423 1313 463 presentem
1340 422 1459 452 cartam
1486 419 1584 462 sigini
1606 419 1670 451 mei

204 495 400 538 inpressione
436 493 591 527 roboravi.
653 492 730 524 Hiis
766 491 900 523 testibus
939 517 945 522 .
986 490 1180 522 memuo
1209 488 1434 522 AILLEWARD’
1467 514 1473 520 .
1505 488 1670 520 JOHANNE

206 564 415 597 ALEXANDm
440 590 446 595 .
472 563 633 595 HEcho
658 561 798 595 W1LLoc
821 586 826 592 .
851 560 978 592 Tuom
1003 559 1147 592 GRAMUS
1171 584 1178 590 .
1195 559 1338 591 JonANN
1362 557 1454 589 Conz
1477 583 1484 589 .
1509 560 1540 589 et
1563 557 1673 589 multis

207 632 287 664 aliis.

251 700 335 740 Seal,
352 711 449 742 green
465 711 546 739 wax,
562 699 628 741 gin.
646 698 741 730 diam.
788 698 918 736 Device‚
935 709 954 728 a
969 696 1159 728 fleur-de-lis
1173 696 1316 728 between
1332 695 1406 728 four
1421 695 1543 737 pellets.

252 768 442 812 Legend—-‘
460 774 491 805 ÷
513 768 538 800 s’
557 793 563 799 .
581 778 680 799 NICOL
698 793 704 799 .
724 792 730 798 .
750 792 755 798 .
775 792 781 798 .
798 766 955 798 somme?

254 838 476 870 Endorsed-——‘
488 837 583 870 Carta
598 836 759 869 Wfflelmi
775 835 900 877 Terry.’

798 1072 1097 1106 DOGCGXXVII.

214 1155 441 1190 GENERAL
468 1154 804 1190 AGQUITTANCE
837 1154 902 1186 BY
929 1154 951 1186 J
955 1153 1057 1185 OHN
1087 1153 1151 1185 DE
1182 1151 1437 1191 BONEVILE,
1464 1151 1553 1184 SON
1579 1150 1680 1183 AND

322 1224 446 1257 HEIR.
471 1224 530 1256 OF
553 1223 727 1255 HENRY
750 1222 814 1255 DE
838 1222 1106 1261 BONEVYLE,
1131 1221 1189 1254 ΤΟ
1212 1221 1339 1254 JOHN
1364 1220 1429 1253 DE
1453 1218 1680 1258 CANTELQ

324 1292 479 1325 ABBOT
511 1292 570 1325 OF
600 1291 820 1325 MARGAM.

756 1372 929 1416 [MARGAM
956 1371 1150 1414 CHARTER]

653 1455 705 1487 ST.
730 1454 847 1486 Pmmz
871 1465 907 1486 IN
932 1454 1131 1486 CATHEDRA.
1177 1453 1219 1484 22
1242 1452 1325 1484 FER.
1375 1449 1638 1494 1325—[1326.]

261 1525 429 1557 Universis
452 1524 593 1556 Cnmsm
614 1523 761 1555 fidelibus
778 1523 819 1554 ad
840 1534 976 1565 quorum
992 1522 1143 1554 noticiam
1158 1523 1319 1564 presentes
1334 1521 1440 1552 littere
1456 1519 1658 1562 pervenerint
1678 1544 1683 1549 .

217 1593 399 1626 JOHANNES
426 1593 465 1624 de
493 1592 682 1630 Bonnvxm,
708 1592 792 1623 filius
818 1594 847 1623 et
875 1591 966 1623 heres
992 1591 1146 1622 HENRICI
1174 1591 1213 1622 de
1240 1589 1428 1622 BoNEqu
1455 1614 1460 1620 .
1486 1590 1629 1620 eternam
1651 1588 1685 1619 in

218 1662 362 1694 Domino
379 1661 524 1692 salutem.

263 1729 400 1762 Noverit
423 1728 614 1760 universitas
637 1730 741 1759 vestra
763 1728 926 1770 religiosos
950 1727 1033 1759 viros
1056 1727 1223 1758 dominum
1247 1726 1269 1759 J
1272 1736 1441 1757 OHANNEM
1467 1725 1506 1756 de
1530 1724 1688 1756 OAN'rELo

220 1799 342 1831 dictum
364 1797 513 1829 abbatem
535 1797 574 1829 de
597 1796 751 1828 Manem
770 1822 776 1828 .
795 1799 825 1828 et
849 1796 994 1838 ejusdem
1017 1796 1077 1827 loci
1101 1798 1293 1827 conventum
1316 1795 1368 1826 die
1393 1792 1598 1826 confectionis
1617 1803 1687 1834 pre-

220 1868 361 1900 sencium
377 1866 473 1898 michi
490 1866 627 1898 fideliter
642 1868 674 1897 et
689 1865 831 1907 plenarie
847 1865 1031 1907 persolvisse
1048 1865 1156 1896 omnia
1171 1863 1332 1906 arreragia
1344 1875 1406 1905 que
1422 1873 1575 1904 umquam
1591 1861 1688 1893 michi

220 1935 379 1969 debebant
402 1935 467 1967 sive
491 1946 546 1977 pro
570 1945 652 1976 pane
670 1958 676 1965 .
694 1934 759 1965 sive
782 1945 838 1976 pro
863 1934 993 1965 cervisia
1011 1959 1016 1964 .
1035 1934 1100 1965 sive
1123 1944 1180 1975 pro
1203 1933 1290 1964 sale.
1309 1931 1374 1964 sive
1397 1942 1453 1974 pro
1476 1930 1605 1962 farina.
1623 1929 1688 1961 sive

221 2015 278 2046 pro
294 2002 431 2035 lardario
453 2012 523 2033 meo
542 2026 547 2032 .
566 2001 631 2032 sive
647 2012 704 2042 pro
719 2001 848 2033 redditu
864 2012 934 2033 meo
952 2026 958 2032 .
977 2001 1041 2032 sive
1057 2012 1114 2043 pro
1130 2000 1382 2043 quibuscumque
1398 1999 1469 2030 aliis
1483 1998 1577 2030 rebus
1592 1997 1689 2029 miehi

218 2071 333 2104 debitis
355 2082 374 2102 a
396 2070 560 2102 retroactis
583 2068 779 2111 temporibus
802 2080 901 2112 usque
924 2069 958 2101 in
982 2069 1213 2102 confectionem
1242 2068 1450 2111 presencium.
1498 2066 1548 2098 De
1571 2066 1687 2108 quibus

223 2139 370 2173 omnibus
386 2139 488 2171 fateor
504 2140 536 2169 et
551 2148 740 2180 recognosco
756 2138 853 2170 miehi
871 2138 1013 2181 plenarie
1033 2150 1099 2170 esse
1120 2138 1329 2170 satisfactum.
1375 2135 1429 2168 Ita
1445 2135 1530 2178 quod
1550 2146 1608 2166 nee
1631 2144 1691 2176 ego

223 2221 281 2243 nec
297 2208 415 2251 aliquis
431 2207 514 2239 alius
530 2207 658 2239 nomine
675 2218 744 2239 meo
760 2206 811 2239 vel
827 2207 955 2239 nomine
972 2207 1199 2250 cujuscumque
1223 2206 1354 2238 alterius
1371 2204 1492 2246 aliquid
1509 2215 1528 2235 a
1543 2202 1692 2245 predictis

223 2278 337 2310 abbate
353 2280 385 2309 et
401 2278 560 2308 conventu
576 2275 704 2319 exigere
717 2275 891 2318 poterimus
907 2278 943 2308 ut
957 2276 1135 2319 predictum
1150 2277 1206 2307 est.
1254 2274 1297 2306 In
1312 2273 1405 2316 cujus
1418 2273 1463 2305 rei
1473 2271 1692 2305 testimonium
