1820 2548
1534 208 1615 239 1049

196 365 442 397 MARGARETAM
458 365 591 397 alteram
606 375 744 397 sororem
759 367 790 396 et
806 364 954 396 heredem
971 364 1071 406 ipsius
1086 364 1210 396 comitis
1225 366 1257 395 et
1273 363 1408 395 Boenm
1432 363 1582 395 Dinom-
1605 364 1660 406 qui

198 434 447 466 ELIZABETHAM
462 434 593 466 terciam
609 444 746 466 sororem
770 436 802 465 et
822 433 972 466 heredem
996 433 1141 475 ejusdem
1166 432 1290 464 comitis
1309 433 1472 464 duxerunt
1493 432 1526 463 in
1548 444 1662 465 uxores

195 503 235 535 de
251 502 399 535 omnibus
421 503 513 535 terris
531 506 562 534 et
582 502 772 534 tenementis
793 513 855 544 que
877 502 963 533 idem
985 513 1087 534 comes
1111 501 1212 533 frater
1238 501 1452 543 predictarum
1477 502 1660 533 Ammoni:

197 571 415 603 MARGARETE
431 573 462 603 et
485 571 706 603 Emmanrnn
730 570 837 602 tenuit
862 571 902 602 de
927 570 1018 602 nobis
1042 570 1077 602 in
1099 570 1202 612 capite
1225 570 1276 601 die
1300 581 1362 611 quo
1386 569 1465 601 obiit
1489 573 1520 601 et
1542 570 1661 602 eisdem

196 639 341 671 HuGom
371 639 553 670 ALIANORE
584 638 729 670 Hmom
760 641 791 670 et
821 638 1040 670 MARGARETE
1072 638 1213 670 Rocano
1239 640 1271 669 et
1304 637 1526 669 ELIZABETHE
1562 640 1662 670 terras

196 707 254 739 illa
287 710 320 739 et
353 710 536 739 tenementa
566 707 799 738 reddiderimus
836 707 932 738 simul
970 719 1042 738 cum
1080 707 1182 738 feodis
1219 706 1360 738 militum
1398 706 1662 738 advocacionibus

198 776 400 808 ecelesiarum
427 776 594 807 domorum
616 775 838 818 religiosorum
861 775 1069 817 hospitalium
1092 787 1127 807 ae
1149 775 1221 807 aliis
1244 775 1486 817 quibuscunque
1502 776 1543 807 ad
1564 778 1663 808 terras

197 849 229 878 et
244 847 428 877 tenementa
443 845 586 887 predicta
601 843 818 886 spectantibus
833 845 1056 886 quoquomodo
1072 847 1109 876 ut
1125 850 1172 877 est
1187 844 1283 876 moris
1299 856 1335 876 ac
1359 845 1401 876 ad
1421 845 1662 886 requisitionem

197 913 355 946 dictorum
377 912 539 945 Hmoms
561 912 744 945 Ammona
768 912 928 944 Hueoms
958 913 1177 944 MARGARETE
1211 913 1344 945 Rosam
1377 916 1409 945 et
1441 913 1662 945 ELIZABETHE

199 982 442 1015 concesserimus
459 982 503 1014 eis
519 982 605 1024 quod
616 984 698 1014 terre
715 986 747 1013 et
762 984 945 1014 tenementa
961 982 1103 1023 predicta
1118 984 1154 1014 ut
1169 982 1223 1024 jus
1239 984 1270 1013 et
1285 981 1445 1013 hereditas
1469 993 1503 1013 ac
1527 981 1665 1014 liberum

196 1054 417 1084 tenementum
443 1051 601 1083 dictorum
625 1050 781 1082 heredum
807 1054 839 1082 et
864 1051 1058 1092 participum
1087 1050 1121 1082 in
1153 1050 1296 1083 custodia
1325 1054 1434 1082 nostra
1463 1053 1666 1083 remanerent

195 1132 359 1162 quousque
382 1120 515 1162 particio
537 1123 695 1151 terrarum
718 1123 749 1151 et
773 1122 1030 1151 tenementorum
1060 1120 1275 1162 predictorum
1291 1120 1375 1151 inter
1395 1119 1479 1161 ipsos
1495 1120 1534 1151 de
1557 1131 1667 1151 eorum

198 1199 329 1220 assensu
345 1188 431 1219 facta
446 1190 527 1219 esset
543 1188 582 1219 de
599 1187 728 1226 eisdem,
745 1189 777 1219 et
792 1188 1051 1220 constituerimus
1066 1189 1221 1230 quosdam
1244 1188 1353 1220 fideles
1376 1192 1498 1220 nostros
1522 1189 1666 1220 cust‹1=des

196 1259 353 1289 terrarum
387 1260 419 1288 et
450 1258 707 1288 tenementorum
737 1256 953 1298 predictorum
980 1257 1035 1298 qui
1062 1257 1102 1288 ad
1129 1256 1306 1288 custodiam
1335 1259 1493 1289 terrarum
1524 1260 1555 1289 et
1579 1260 1666 1289 tene·-

196 1328 378 1358 mentorum
394 1326 569 1357 eorundem
585 1325 663 1357 alios
680 1326 871 1368 deputarent
886 1329 983 1368 prout
998 1326 1083 1357 inter
1099 1325 1184 1368 ipsos
1199 1325 1330 1357 heredes
1355 1328 1386 1357 et
1407 1326 1578 1368 participes
1603 1326 1667 1358 fuit

196 1395 422 1427 concordatum
448 1395 503 1436 qui
529 1394 629 1426 eciam
654 1394 697 1426 sic
722 1395 900 1436 deputandi
931 1395 970 1426 de
997 1394 1136 1426 exitibus
1163 1398 1321 1426 terrarum
1352 1398 1384 1426 et
1410 1398 1667 1426 tenementorum

195 1463 325 1495 illorum
341 1467 458 1495 extunc
473 1463 737 1505 provenientibus
751 1463 884 1505 prefatis
901 1463 1045 1495 Huoom
1069 1463 1253 1495 ALIANORE
1278 1462 1421 1495 Hmom
1448 1463 1666 1495 MARGARETE

197 1532 337 1564 Roomo
367 1534 399 1563 et
425 1531 648 1563 EuzAnEmE
675 1533 914 1574 responderent,
939 1532 1078 1574 Jamque
1102 1532 1200 1563 iidem
1226 1531 1330 1563 Hnoo
1354 1532 1537 1564 Amison
1562 1532 1667 1564 Hreo

195 1600 415 1632 MARGARETA
454 1599 616 1632 Roomms
653 1604 685 1632 et
718 1600 943 1632 ELIZABETHA
981 1600 1190 1643 partic-ionem
1222 1605 1380 1632 terrarum
1409 1603 1666 1633 tenementorum

194 1668 361 1700 feodorum
389 1667 529 1699 militum
560 1672 590 1700 et
615 1669 865 1701 advocacionum
886 1669 1103 1711 predictorum
1126 1669 1211 1700 inter
1233 1669 1317 1710 ipsos
1342 1669 1381 1700 de
1405 1680 1514 1700 eorum
1537 1680 1666 1701 assensu

193 1737 313 1768 factam
343 1735 435 1768 nobis
464 1736 498 1767 in
532 1737 719 1769 cancellaria
749 1739 857 1769 nostra
887 1737 1105 1769 liberaverunt
1135 1738 1180 1768 eis
1210 1737 1306 1778 juxta
1336 1737 1544 1779 partic-ionem
1575 1738 1665 1769 illam

193 1817 250 1847 per
280 1816 337 1837 nos
367 1804 617 1843 liberandorum,
648 1805 718 1837 Nos
747 1806 956 1847 particionem
988 1806 1076 1837 illam
1109 1810 1309 1848 acceptantes
1347 1806 1436 1838 vobis
1474 1807 1664 1839 mandamus

191 1874 278 1916 quod
307 1877 436 1915 accepta
466 1874 634 1905 securitate
665 1886 684 1905 a
715 1874 848 1916 prefatis
879 1874 1031 1906 HUGONE
1062 1874 1091 1906 le
1122 1874 1325 1906 Dasm-:Nsm
1356 1879 1388 1906 et
1418 1874 1600 1906 ALIANORA
1624 1876 1664 1907 de

190 1941 375 1974 rationabili
398 1941 516 1973 relevio
539 1952 596 1973 suo
621 1941 713 1974 nobis
739 1943 903 1974 reddendo
928 1943 969 1974 ad
990 1943 1181 1975 scaccarium
1201 1946 1347 1974 nostrum
1366 1943 1405 1974 de
1432 1946 1580 1985 proparte
1607 1955 1664 1976 sua

194 2010 278 2052 ipsos
294 2010 368 2041 inde
384 2009 591 2052 contingente
607 2010 727 2042 eisdem
743 2010 888 2042 Hueom
905 2014 936 2043 et
952 2011 1135 2043 ALIANORE
1151 2011 1191 2043 de
1207 2011 1269 2043 hiis
1284 2023 1346 2053 que
1362 2016 1437 2043 sunt
1454 2012 1487 2043 in
1503 2012 1663 2044 dominico

195 2079 234 2110 de
250 2079 362 2110 eadem
378 2082 527 2120 proparte
543 2089 600 2110 sua
620 2090 718 2120 quam
740 2079 774 2110 in
797 2080 937 2121 quodam
961 2080 1066 2112 rotulo
1088 2080 1177 2112 vobis
1202 2080 1361 2112 mittimus
1381 2079 1440 2112 sub
1461 2081 1541 2122 pede
1565 2080 1664 2122 sigilli

194 2146 294 2178 nostri
309 2146 438 2188 plenam
454 2146 605 2178 seisinam
621 2146 737 2178 habere
753 2147 878 2179 faciatis
893 2148 980 2179 salvo
1003 2148 1076 2190 jure
1099 2147 1273 2190 cujuslibet
1293 2147 1506 2180 reversionem
1528 2148 1664 2180 aliorum

195 2214 223 2246 ei
238 2217 333 2256 prout
348 2214 474 2256 justum
489 2214 588 2246 fuerit
612 2215 857 2257 assignatorum.

237 2281 332 2315 Teste
347 2282 438 2324 Rege
453 2283 540 2324 apud
557 2282 662 2315 Wun¹
690 2294 745 2315 xv.
763 2284 814 2316 die
830 2283 1023 2316 Novembris
1039 2296 1123 2316 anno
1138 2285 1232 2326 regni
1247 2284 1296 2316 sui
1319 2284 1497 2316 undecimo.

348 2387 399 2413 6G
