1820 2548
237 165 302 196 984

191 320 272 353 meis
295 320 345 353 vel
371 319 541 363 assignatis
566 318 664 351 libere
688 318 794 361 quiete
824 318 904 351 bene
933 318 1058 361 integre
1086 318 1228 360 plenarie
1254 321 1287 351 et
1310 318 1438 361 pacifice
1466 318 1539 362 jure
1563 318 1652 352 here-

192 389 308 421 ditario
334 389 578 431 imperpetuum.
641 387 818 419 Reddendo
848 387 924 418 inde
951 386 1118 418 annuatim
1148 387 1215 429 ipsa
1245 391 1277 419 et
1301 386 1431 419 heredes
1454 387 1504 419 sui
1530 387 1580 420 vel
1603 387 1653 420 sui

192 457 345 499 assignati
372 456 470 488 michi
495 460 527 488 et
551 454 720 487 heredibus
740 455 818 487 meis
845 454 895 486 vel
918 454 997 486 meis
1015 454 1184 497 assignatis
1211 465 1312 486 unum
1337 455 1505 487 denarium
1525 455 1652 498 argenti

193 525 234 557 ad
264 524 383 557 festum
413 523 523 556 Sancti
559 523 753 555 M1cHAnL1s
783 533 840 564 pro
871 522 1019 555 omnibus
1048 523 1185 555 serviciis
1212 522 1404 556 secularibus
1433 522 1652 556 emooionibus

194 591 476 625 consuetudinibus
499 592 590 624 sectis
613 591 750 633 querelis
777 590 906 623 auxiliis
932 590 1061 623 hcrietis
1087 593 1119 622 et
1142 590 1288 623 omnibus
1309 591 1380 623 aliis
1399 591 1566 624 demandis
1591 602 1652 634 que

191 661 231 693 de
251 660 359 702 aliqua
380 664 463 692 terra
485 662 603 692 exeunt
626 659 676 691 vel
708 659 793 691 exire
818 662 969 701 poterunt
992 659 1238 701 imperpetuum.
1292 659 1338 691 Et
1364 670 1424 701 ego
1450 670 1524 692 vero
1548 659 1653 692 dietus

192 728 373 760 Mnmuccs
395 732 427 760 et
449 728 579 760 heredes
601 727 664 759 mei
687 727 737 759 vel
761 727 916 769 assignati
939 727 1022 759 dicte
1048 726 1173 759 Leon
1210 727 1274 759 filie
1297 727 1404 760 Ruun
1427 730 1459 760 et
1483 727 1653 761 heredibus

191 797 257 830 suis
271 797 323 828 vel
338 796 507 838 assignatis
522 796 697 838 predictam
713 798 832 828 terram
847 806 919 827 cum
934 795 999 827 suis
1022 795 1227 837 pertinenciis
1249 798 1359 828 contra
1379 807 1488 829 omnes
1508 796 1652 829 homines

192 869 225 897 et
240 864 377 897 feminas
392 863 668 896 warantizabimus
684 863 936 905 acquietabimus
951 866 983 895 et
1007 863 1215 895 defendemus
1237 863 1481 906 imperpetuum.
1527 864 1574 897 Et
1594 875 1652 907 pro

187 933 250 964 ista
274 932 448 964 donacione
471 932 668 964 concessione
691 935 722 963 et
746 931 902 973 presentis
924 935 1009 963 carte
1033 931 1274 963 confirmacione
1297 932 1385 964 dedit
1408 932 1488 964 mihi
1510 932 1652 974 predicta

190 1000 314 1033 Lar-m
338 1002 446 1033 decem
469 1000 584 1032 solidos
606 1000 834 1042 sterlingorum
857 1010 912 1042 pre
935 999 1082 1031 manibus
1104 1002 1230 1042 pacatos
1253 1000 1286 1031 in
1310 1011 1500 1043 gersumma.
1548 1001 1593 1032 Et
1614 1003 1651 1033 ut

186 1068 244 1101 hec
274 1069 407 1101 donacio
437 1068 592 1101 concessio
623 1071 654 1100 et
685 1067 783 1110 hujus
815 1067 969 1110 presentis
1006 1071 1090 1099 carte
1128 1068 1327 1100 confirmacio
1364 1071 1434 1100 rata
1467 1068 1590 1101 stabilis
1618 1072 1650 1101 et

188 1137 374 1170 inconcussa
403 1139 587 1178 permaneat
617 1136 651 1168 in
689 1140 835 1168 eternum
872 1147 907 1168 ac
945 1136 1126 1168 omnimodo
1164 1136 1340 1168 securitatis
1376 1136 1472 1169 robur
1508 1137 1651 1170 obtineat

191 1209 370 1248 presentem
386 1208 504 1236 cartam
520 1205 619 1246 sigini
633 1206 695 1237 mei
716 1205 921 1246 impressione
943 1203 1089 1236 roboravi
1105 1206 1136 1236 et
1151 1204 1343 1236 confirmavi.
1390 1204 1468 1236 Hiis
1490 1205 1625 1238 testibus
1642 1231 1648 1238 .

190 1273 346 1306 WRONoa
362 1285 402 1315 ap
419 1273 619 1305 KENEWREC
637 1298 643 1304 .
661 1273 795 1305 Howm,
811 1284 851 1315 ap
866 1273 956 1305 IvAN
974 1297 981 1305 .
997 1273 1191 1305 ARTROHAN
1215 1284 1255 1315 ap
1271 1273 1404 1306 Wnoxo
1421 1298 1427 1305 .
1445 1273 1594 1306 Gmrm
1610 1284 1651 1316 ap

191 1341 298 1374 Ruun
315 1367 321 1372 .
340 1341 492 1373 Ionvann
508 1352 548 1383 ap
566 1341 699 1373 CRAnoc
716 1367 722 1373 .
740 1341 827 1373 Iron
849 1352 889 1383 ap
913 1340 1040 1373 Pmmr
1057 1366 1064 1372 .
1087 1340 1220 1372 ITHAEL
1242 1352 1283 1383 ap
1309 1341 1431 1373 Pmm
1456 1367 1463 1373 .
1488 1344 1520 1373 et
1541 1341 1652 1374 multis

791 1614 1055 1648 DCCC‘XLVII.

195 1695 357 1728 GRANT
386 1695 452 1728 BY
481 1695 654 1728 HENRY
692 1695 900 1729 WORGAN
939 1695 996 1727 ΤΟ
1035 1695 1254 1729 WILLIAM
1288 1696 1488 1730 WALLOT
1525 1697 1584 1730 OF
1617 1697 1652 1730 A

301 1763 552 1797 MESSUAGE
589 1764 690 1797 AND
728 1764 860 1796 LAND
890 1764 953 1796 AT
990 1764 1187 1797 NORDON
1231 1765 1286 1798 IN
1323 1765 1421 1797 THE
1466 1765 1558 1798 FEE
1591 1765 1651 1798 OF

302 1831 541 1865 PENARTH.

803 1874 939 1918 [CARNE
961 1875 1050 1919 MS]

238 1956 347 1989 Sciant
369 1958 528 1998 presentes
550 1959 583 1988 et
604 1956 707 1988 futuri
729 1957 814 1998 quod
837 1967 896 1998 ego
919 1956 1100 1989 anmccs
1124 1956 1280 1989 Wommz
1304 1957 1379 1989 dedi
1393 1957 1530 1990 concessi
1544 1959 1576 1989 et
1590 1956 1650 1990 hae

195 2024 335 2066 presenti
350 2027 436 2056 carta
450 2035 521 2056 mea
536 2024 720 2056 confirmavi
736 2023 930 2056 W112LELMo
945 2024 1097 2057 WALLOT
1118 2036 1220 2057 unum
1241 2025 1456 2068 messuagium
1478 2028 1511 2057 et
1533 2025 1650 2068 viginti

195 2104 282 2125 acras
297 2095 378 2124 terre
394 2092 522 2125 arabilis
537 2096 568 2124 et
583 2092 669 2125 bosci
684 2104 756 2125 cum
773 2092 919 2125 omm'bus
942 2093 1006 2125 suis
1028 2093 1229 2135 pertinentiis
1246 2093 1341 2125 simul
1362 2093 1503 2136 jacentes
1524 2093 1558 2125 in
1581 2093 1649 2126 loco

194 2164 304 2192 vocato
333 2159 478 2192 Nonnox
509 2160 595 2192 inira
620 2160 751 2192 feodum
775 2161 814 2192 de
838 2160 1031 2192 Pan-mam
1059 2163 1091 2193 et
1113 2160 1255 2202 jacentes
1283 2161 1367 2192 inter
1390 2161 1475 2192 viam
1506 2164 1649 2194 vocatam

194 2228 354 2261 le-:Wm
371 2229 405 2259 in
420 2231 510 2270 parte
526 2228 658 2260 australi
673 2231 704 2260 et
719 2231 837 2260 terram
852 2229 975 2261 domini
990 2229 1028 2260 de
1044 2228 1237 2260 anmnm
1252 2229 1287 2260 in
1302 2231 1392 2271 parte
1414 2229 1600 2262 occidentali
1616 2232 1649 2263 et
