1820 2548
1503 175 1584 207 1025

752 349 1039 383 DCCGLXVIII.

164 442 448 479 QUIT-GLAIM
484 443 549 476 BY
587 442 843 476 MARGERIA
873 443 937 475 DE
968 442 1116 475 LECTO
1148 442 1205 475 ΤΟ
1237 442 1314 475 SIR
1345 442 1533 475 ROBERT
1564 443 1628 475 DE

273 512 466 551 PENRES,
498 511 617 551 KNT„
649 512 708 544 OF
738 511 870 544 LAND
902 511 955 543 IN
987 511 1189 551 REUROZ,
1213 511 1267 543 IN
1305 511 1404 543 THE
1443 511 1535 543 FEE
1569 511 1628 543 OF

271 579 536 613 LANDIMOR.

700 623 875 666 [MARGAM
899 623 1094 666 ommam]

983 706 1023 737 31
1042 705 1183 737 Manen.
1228 705 1248 736 8
1271 704 1368 736 Enw.
1393 704 1441 736 ΙΙ.
1490 705 1584 736 1315.

207 787 321 819 Pateat
343 788 499 819 universis
521 798 577 829 per
599 790 760 829 presentes
783 787 868 828 quod
891 797 951 829 ego
974 787 1164 819 MARGERIA
1186 787 1225 818 de
1241 786 1352 818 an'ro
1368 786 1473 817 remisi
1489 786 1631 818 relaxavi

163 859 196 888 et
222 856 352 888 omnino
376 867 433 897 pro
457 867 509 887 me
535 860 566 887 et
594 855 764 888 heredibus
790 856 869 887 meis
899 860 931 887 et
964 855 1134 897 assignatis
1169 855 1314 897 quietum
1339 854 1477 886 clamavi
1502 854 1631 886 domino

165 924 325 956 Romano
340 925 379 955 de
396 923 533 956 PENRES
555 924 652 956 militi
675 924 846 956 heredibus
869 925 933 955 suis
955 927 986 955 et
1010 924 1180 966 assignatis
1202 923 1429 965 inperpetuum
1452 926 1557 955 totum
1579 923 1633 964 jus

164 995 196 1025 et
211 993 361 1025 elamium
377 994 462 1034 quod
485 993 586 1025 habeo
608 993 708 1025 habui
731 993 781 1024 vel
797 993 904 1034 aliquo
928 993 1022 1024 modo
1045 992 1161 1024 habere
1184 994 1294 1034 potero
1316 992 1351 1023 in
1374 994 1442 1024 tota
1466 994 1551 1023 terra
1573 992 1631 1023 issa

164 1073 261 1104 quam
286 1062 404 1094 DAvm
431 1073 471 1104 ap
499 1061 628 1093 OUWEL
655 1061 761 1103 aliquo
784 1063 926 1102 tempore
950 1061 1064 1092 melius
1083 1063 1114 1092 et
1138 1060 1264 1102 plenius
1286 1059 1400 1091 habuit
1422 1061 1453 1090 et
1473 1059 1579 1091 tenuit
1599 1059 1633 1091 in

165 1130 306 1162 REURoz
327 1131 362 1162 in
385 1130 479 1162 feodo
502 1130 541 1161 de
564 1129 760 1161 LAND1MOR.
807 1129 853 1161 Et
875 1130 975 1161 eciam
998 1129 1032 1160 in
1056 1128 1204 1160 omnibus
1227 1128 1337 1166 boscis,
1361 1128 1471 1169 pratis,
1497 1128 1631 1169 pascuis,

164 1199 312 1241 pasturis,
336 1199 450 1240 planis,
475 1198 581 1237 vastis,
605 1198 816 1237 libertatibus,
841 1198 949 1230 liberis
976 1196 1260 1229 consuetudinibus
1292 1202 1323 1228 et
1346 1196 1539 1238 quibusdam
1561 1196 1634 1228 aliis

163 1268 367 1310 pertinenciis
383 1267 447 1299 suis
464 1267 567 1299 eidem
583 1270 666 1298 terre
682 1278 809 1308 quoquo
826 1267 920 1298 modo
936 1265 1162 1308 spectantibus.
1221 1265 1274 1297 Ita
1297 1265 1443 1297 videlieet
1467 1265 1553 1307 quod
1576 1276 1635 1296 neo

164 1347 224 1378 ego
240 1336 381 1377 predicta
398 1335 589 1366 MARGERIA
604 1346 661 1366 nee
677 1335 808 1367 heredes
823 1335 886 1366 mei
903 1347 960 1366 nee
977 1334 1131 1376 assignati
1147 1345 1204 1365 nee
1228 1333 1344 1375 aliquis
1366 1345 1422 1375 per
1438 1344 1495 1364 nos
1511 1333 1561 1364 vel
1577 1344 1634 1375 pro

166 1403 257 1436 nobis
279 1415 334 1435 seu
356 1404 484 1436 nomine
508 1406 615 1435 nostro
639 1403 768 1445 aliquod
791 1403 872 1446 juris
895 1404 946 1435 vel
973 1403 1079 1434 olamii
1110 1403 1144 1434 in
1175 1402 1309 1445 prefatis
1339 1402 1531 1433 tenementis
1561 1412 1634 1433 eum

165 1472 368 1514 pertinenciis
391 1473 430 1504 (le
454 1477 556 1504 cetero
579 1472 706 1514 exigere
731 1472 866 1504 clamare
892 1472 941 1503 vel
964 1472 1131 1503 vendicare
1158 1471 1332 1513 poterimus
1356 1474 1401 1502 set
1427 1482 1481 1512 per
1504 1481 1634 1511 presens

165 1540 317 1582 scriptum
340 1541 380 1572 ab
396 1541 483 1572 omni
499 1541 625 1573 accione
642 1541 740 1572 simus
756 1541 875 1573 exclusi
891 1541 924 1572 in
942 1545 1141 1583 perpetuum.
1189 1539 1231 1571 In
1247 1539 1298 1581 cuj
1304 1551 1341 1571 us
1356 1539 1402 1570 rei
1415 1539 1634 1571 testimonium

166 1608 239 1641 huie
255 1609 394 1650 presenti
405 1609 520 1651 scripto
534 1609 677 1652 sigillum
693 1621 800 1641 meum
817 1610 958 1651 apposui.
1007 1609 1084 1641 Hiis
1099 1608 1234 1641 testibus
1251 1633 1256 1638 .
1274 1607 1393 1639 DAVID
1409 1608 1449 1639 (le
1465 1606 1607 1638 LABERE
1625 1631 1632 1638 .

166 1676 330 1708 JOHANNE
347 1678 385 1708 de
402 1676 542 1708 LABERE
561 1702 567 1708 .
584 1677 749 1709 JOHANNE
765 1679 805 1709 de
827 1677 964 1709 PENREs
980 1703 986 1709 .
1006 1677 1199 1710 WuALELMO
1222 1677 1261 1707 de
1285 1675 1435 1707 LAMARE
1453 1700 1459 1706 .
1477 1675 1632 1707 Rmfflmo

164 1745 260 1777 Lupo
294 1771 300 1776 .
334 1745 487 1777 Amnis-Do
517 1745 953 1778 TURBERUYLE.ROBERTO
984 1745 1134 1777 MONXEL
1169 1770 1175 1776 .
1210 1744 1376 1777 JOHANNE
1412 1743 1598 1775 SELEWOLD
1623 1769 1630 1775 .

164 1813 191 1845 T
196 1824 290 1844 HOMA
313 1814 353 1844 de
375 1813 554 1844 LANDEWY
570 1816 602 1845 et
617 1814 696 1845 aliis.

206 1882 331 1914 Datum
353 1883 440 1923 apud
464 1882 721 1914 SWEYNESEYAM
745 1883 859 1915 ultimo
889 1884 941 1915 die
965 1883 1082 1915 Marcii
1112 1893 1196 1914 anno
1219 1881 1312 1923 regni
1336 1880 1437 1922 Regis
1460 1880 1630 1912 EDWARDI

161 1951 220 1983 filii
237 1950 337 1992 Regis
352 1949 522 1981 Enmnm
539 1953 658 1982 octavo.

150 2045 156 2053 ,
204 2018 287 2057 Seal,
318 2030 416 2060 green
447 2029 527 2056 wax,
559 2030 578 2050 a
604 2019 769 2061 fragment
794 2020 891 2052 about
914 2021 999 2061 lssin.
1032 2020 1129 2051 diam.
1188 2019 1317 2057 Devioe‚
1346 2031 1365 2050 a
1390 2018 1456 2049 lion
1479 2021 1630 2059 rampant

163 2087 346 2119 combatunt
362 2086 440 2117 with
456 2098 475 2117 a
491 2098 630 2128 wyvern.

205 2154 394 2197 Legend-—‘
413 2154 574 2198 ÷PR1[VE
593 2181 598 2186 .
616 2166 653 2187 sv
672 2182 678 2187 .
696 2167 716 2188 E
734 2182 740 2188 .
760 2155 774 2198 ]
795 2168 847 2188 1²01
867 2182 872 2188 .
891 2156 998 2188 (¹0NV.'

206 2223 427 2255 Endorsed—‘
441 2223 645 2263 Reve1·0uze‚’
663 2225 727 2256 and
744 2229 751 2242 ‘
764 2224 974 2267 Rewrowghe
990 2226 1023 2257 in
1040 2225 1134 2257 feodo
1151 2226 1190 2257 de
1206 2222 1424 2256 Landimore.’

315 2354 368 2380 ‹31›
