1820 2548
245 204 326 235 1024

794 571 1055 604 DOCOLXVII.

196 654 357 686 ROYAL
388 653 515 686 WRIT
546 652 603 684 TO
638 651 1011 684 BARTHOLOMEW
1044 651 1406 691 BADELESMERE,
1444 651 1656 685 WARDEN

303 722 361 754 OF
390 720 845 759 GLAMORGANSHIRE,
870 720 927 752 TO
964 720 1136 753 ALLOW
1171 719 1358 752 LEYSAN
1395 720 1459 752 DE
1491 720 1656 754 AVENE

303 789 509 822 TWENTY
546 788 709 821 MARKS
755 787 984 821 TOWARDS
1021 787 1102 820 HIS
1139 787 1381 820 EXPENSES
1419 788 1478 821 OF
1515 787 1655 822 MAIN-

304 857 510 890 TAINING
547 856 732 889 KENFIG
769 856 953 889 GASTLE.

565 938 663 981 [Rom
689 937 820 976 Omns„
845 938 864 969 8
888 937 982 969 Enw.
1008 937 1079 976 11.‚.
1092 937 1188 968 MEM.
1215 936 1283 979 13.]

1266 1018 1306 1048 13
1332 1017 1470 1050 MARCH.
1517 1018 1611 1050 1315.

238 1088 307 1119 Rex
335 1087 450 1119 dilecto
475 1090 506 1119 et
527 1087 613 1118 fideli
644 1098 699 1118 suo
730 1086 985 1118 BAnmoLomno
1015 1086 1054 1118 de
1081 1085 1333 1118 BADELESMERE
1361 1086 1482 1118 custodi
1508 1088 1590 1118 terre
1617 1086 1657 1118 de

197 1155 412 1188 GLAMORGAN
428 1155 462 1187 in
478 1166 576 1187 manu
593 1166 647 1186 sua
664 1154 829 1186 existentis
844 1154 988 1186 salutem.

241 1223 441 1266 Supplieavit
462 1223 554 1255 nobis
576 1222 778 1254 Lmsmnus
809 1223 847 1254 de
878 1223 1002 1253 AvENE
1028 1233 1083 1263 per
1109 1221 1299 1263 peticionem
1327 1232 1417 1252 suam
1444 1232 1548 1253 coram
1564 1220 1657 1253 nobis

195 1294 227 1323 et
243 1292 372 1323 oonsilio
389 1294 495 1323 nostro
511 1291 688 1323 exhibitam
705 1291 789 1332 quod
806 1301 877 1321 cum
894 1290 960 1332 ipse
975 1301 1078 1332 nuper
1099 1292 1241 1331 tempore
1264 1300 1378 1331 guerre
1400 1289 1435 1321 in
1451 1289 1595 1331 partibus
1617 1290 1658 1321 de

196 1359 417 1391 MORGANNON
433 1371 488 1401 per
504 1360 657 1401 quosdam
674 1358 886 1391 WALLENsEs
903 1358 1050 1389 suscitate
1065 1358 1146 1389 circa
1162 1357 1434 1388 conservacionem
1449 1357 1535 1399 pacis
1549 1360 1656 1389 nostre

196 1427 313 1460 ibidem
331 1432 362 1459 et
379 1428 538 1459 tumultus
552 1427 693 1469 ipsorum
709 1426 948 1459 WALLExsmM
965 1426 1120 1457 sedandos
1142 1437 1177 1457 ao
1200 1425 1418 1457 defensionem
1441 1425 1534 1457 castri
1558 1425 1658 1457 nostri

195 1497 234 1528 de
251 1495 416 1527 Kmssrssz
432 1496 470 1527 de
491 1507 546 1527 suo
562 1496 690 1537 proprio
706 1506 805 1536 usque
823 1495 863 1526 ad
879 1505 1035 1526 summam
1052 1494 1265 1536 quadraginta
1279 1505 1458 1525 marcarum
1474 1495 1506 1525 et
1519 1493 1656 1535 amplius

197 1565 398 1606 expendisset
424 1564 559 1595 velimus
583 1564 611 1595 ei
636 1563 776 1605 aliquam
804 1562 1129 1604 recompensacionem
1154 1561 1257 1593 facere
1292 1562 1442 1604 graciose,
1478 1560 1545 1593 Nos
1580 1560 1656 1593 lioet

198 1634 283 1665 idem
300 1633 502 1664 Lmsmnns
517 1633 557 1664 ad
573 1632 791 1664 defensionem
807 1634 962 1663 terrarum
978 1634 1009 1662 et
1025 1631 1180 1662 bonorum
1196 1641 1325 1662 suorum
1348 1632 1495 1662 teneatur
1517 1630 1659 1662 volentes

199 1703 306 1732 tamen
323 1701 351 1733 ei
368 1701 507 1743 graciam
524 1700 626 1731 faeere
642 1700 675 1731 in
691 1699 750 1731 hac
766 1702 856 1741 parte
873 1699 1079 1730 concessimus
1095 1699 1124 1730 ei
1140 1698 1258 1741 viginti
1279 1709 1400 1730 marcas
1423 1699 1455 1729 in
1478 1697 1656 1730 subsidium

200 1780 410 1811 expensarum
421 1780 549 1800 suarum
559 1768 773 1810 predictarum
783 1767 841 1798 hac
851 1767 917 1798 vice
930 1767 969 1798 de
982 1767 1066 1798 dono
1082 1768 1197 1798 nostro.
1235 1766 1278 1797 Et
1288 1766 1359 1798 ideo
1371 1765 1459 1798 vobis
1470 1765 1659 1797 mandamus

201 1838 285 1879 quod
302 1837 405 1868 eidem
420 1836 601 1868 Lmsmno
617 1836 717 1867 dictas
733 1836 849 1878 viginti
865 1846 984 1866 marcas
1001 1835 1039 1866 de
1061 1834 1198 1866 exitibus
1213 1837 1295 1866 terre
1310 1834 1450 1876 predicte
1465 1833 1606 1866 liberetis
1628 1835 1661 1865 et

199 1917 256 1937 nos
272 1905 359 1936 vobis
375 1905 449 1936 inde
465 1905 498 1936 in
514 1907 659 1946 compoto
674 1907 778 1935 vestxo
793 1903 934 1935 debitam
951 1903 1174 1935 allocacionem
1189 1902 1304 1934 habere
1327 1902 1484 1934 faciemus.

244 1972 337 2004 Teste
370 1972 459 2015 Rege
489 1973 575 2014 apud
606 1972 951 2004 WESTMONASTERICM
983 1982 1060 2002 an.
1092 1971 1143 2002 die
1174 1970 1289 2003 Marcii
1318 1982 1374 2013 per
1403 1969 1591 2012 peticionem
1621 1969 1661 2001 de

203 2041 340 2073 consilio.
