1820 2548
1527 205 1609 236 1115

180 366 437 397 tenementorum
460 374 533 396 01110
555 363 758 405 pertinentiis
782 374 844 405 que
867 362 1093 406 PH[1L1PPUS]
1119 362 1370 395 DEUENYSSCHE
1386 365 1418 394 et
1433 362 1555 394 Emi-NA
1571 373 1652 394 uxor

181 433 253 475 ejus
275 434 388 465 tenent
411 432 451 464 ad
473 431 649 464 terminum
671 431 737 463 vite
764 442 830 471 sue,
853 434 886 463 et
909 432 994 474 quod
1018 443 1120 463 unum
1143 431 1360 473 messuagium
1385 431 1554 463 tresdecim
1581 441 1651 462 aere

181 504 214 534 et
238 501 374 533 dimidia
397 527 405 533 .
429 503 461 532 et
483 512 549 532 una
572 500 650 532 roda
672 502 756 532 terre
778 500 994 542 predictorum
1017 502 1274 532 tenementorum
1298 511 1359 541 que
1383 499 1599 532 WILLELMUS
1621 499 1652 530 le

181 569 303 602 Loxoss
341 572 373 602 et
411 569 601 601 MARGERIA
632 580 714 601 uxor
743 568 815 611 ejus
846 569 972 609 [tenent
1009 569 1051 600 ad
1081 568 1268 609 terminum]
1312 568 1378 600 vite
1408 580 1473 606 sue,
1505 570 1536 600 et
1567 568 1652 609 quod

186 649 286 670 unum
319 638 536 680 messuagium
573 637 741 669 tresdecim
771 648 842 669 aere
880 639 911 669 et
941 637 1077 669 dimidia
1114 640 1147 669 et
1172 648 1238 668 una
1267 637 1346 668 roda
1383 639 1465 668 terre
1495 636 1653 668 dictorum

183 709 441 739 tenementorum
460 705 550 749 [oum
565 705 784 748 pertinentiis]
803 717 864 748 que
885 706 1050 738 MAnocus
1065 717 1106 748 ap
1129 705 1269 737 Memno
1292 707 1324 737 et
1351 704 1548 748 [MAmfflm
1572 716 1653 736 uxor

184 776 255 819 ejus
270 779 383 808 tenent
399 777 440 807 ad
455 775 630 808 terminum
646 775 711 807 vite
728 787 793 814 sue,
809 777 840 807 et
857 776 943 817 quod
958 786 1060 807 unum
1079 800 1241 807 .......
1258 775 1474 817 predictorum
1489 777 1653 806 tenemen-

182 848 289 877 torum
313 856 385 876 oum
408 844 611 887 pertinentiis
634 855 695 886 que
719 843 913 876 GRUFFUTH
934 844 1034 876 YAGo
1057 846 1089 876 et
1111 844 1234 876 Auem
1257 855 1339 875 uxor
1361 844 1433 886 ejus
1459 843 1587 886 [tenent
1611 843 1652 874 ad

183 914 358 946 terminum
389 912 470 956 vite]
504 924 570 952 sue,
599 915 630 945 et
660 914 746 955 quod
764 938 978 945 .........
997 924 1067 945 acre
1098 916 1130 945 et
1161 912 1295 944 dimidia
1325 915 1408 944 terre
1438 912 1653 954 predictorum

184 984 440 1014 tenementorum
460 993 532 1014 eum
558 981 762 1023 pertinentiis
788 993 850 1023 que
875 981 1091 1014 WILLELMUS
1115 981 1271 1024 [RossYN]
1299 983 1387 1013 tenet
1415 981 1456 1012 ad
1480 981 1655 1013 terminum

185 1051 252 1083 vite
289 1062 353 1090 sue,
385 1053 416 1083 et
455 1051 542 1092 quod
578 1061 682 1082 unum
718 1050 936 1093 messuagium
969 1076 975 1081 .
1008 1050 1158 1082 undecim
1196 1062 1283 1082 aeras
1320 1052 1403 1082 terre
1441 1050 1657 1092 predictorum

183 1122 441 1152 tenementorum
460 1130 533 1150 011111
554 1119 757 1161 pertinentiis
781 1130 843 1161 que
861 1119 1059 1151 Mmmcms
1080 1119 1184 1151 ADAM
1211 1118 1260 1160 [et
1280 1118 1441 1151 CRISTINA
1467 1130 1549 1150 uxor
1568 1118 1656 1161 ejus]

182 1190 295 1220 tenent
318 1188 360 1219 ad
380 1187 556 1219 terminum
576 1188 642 1219 vite
663 1199 728 1226 sue,
742 1190 774 1219 et
795 1188 879 1230 quod
900 1198 1002 1219 unum
1027 1188 1244 1230 messuagium
1261 1213 1268 1220 .
1286 1199 1340 1219 sex
1365 1199 1452 1219 aeras
1477 1190 1509 1219 et
1524 1187 1660 1219 dimidia

185 1260 268 1289 terre
292 1257 507 1299 prediotorum
532 1259 790 1288 tenementorum
817 1268 889 1288 oum
915 1256 1117 1298 pertinentiis
1142 1268 1204 1298 que
1228 1256 1411 1289 Hmmcus
1436 1256 1541 1288 PEms
1571 1259 1659 1288 tenet

186 1326 227 1357 ad
257 1325 433 1357 terminum
463 1325 529 1357 vite
559 1336 625 1364 sue,
663 1327 695 1357 et
733 1326 819 1367 quod
856 1336 958 1357 unum
996 1325 1218 1357 molendinum
1257 1325 1413 1357 fullereet'
1444 1325 1660 1367 predictorum

187 1398 444 1426 tenementorum
460 1405 533 1426 oum
549 1394 752 1436 pertinentiis
768 1395 854 1436 quod
871 1394 1061 1426 Pmmpus
1078 1394 1186 1426 OWEN
1203 1396 1291 1427 tenet
1308 1395 1348 1426 ad
1368 1393 1576 1437 [terminum]
1591 1395 1657 1427 vite

187 1475 242 1495 sue
258 1463 310 1495 die
325 1474 388 1504 quo
403 1462 461 1495 hee
482 1463 649 1495 concordia
664 1462 751 1494 faeta
768 1463 833 1495 fuit
850 1489 856 1494 .
875 1467 907 1495 et
923 1475 984 1505 que
1006 1464 1137 1505 quidem
1158 1465 1343 1495 tenementa
1364 1474 1435 1495 eum
1456 1463 1660 1505 pertinentiis

186 1534 258 1574 post
273 1532 436 1563 decessum
451 1531 667 1572 predictorum
684 1531 847 1563 ΡΗΠᾸΡΡῙ
865 1534 896 1564 et
912 1532 1044 1572 Eram,
1059 1531 1247 1564 WILLELMI
1260 1535 1292 1564 et
1307 1532 1508 1567 MARGERIA,
1521 1531 1658 1564 MAnoot

185 1603 217 1632 et
240 1599 413 1638 MAmorE,
431 1598 594 1631 Gmrrml
618 1602 652 1631 et
673 1599 808 1640 Ancus,
826 1600 1025 1640 WILLELMI,
1049 1600 1219 1633 MAumcn
1244 1603 1275 1632 et
1299 1600 1471 1637 OmsrlNE.
1492 1600 1657 1641 Hnmum,

185 1671 218 1700 et
247 1668 422 1705 Pfflmpm,
455 1668 495 1699 ad
526 1667 706 1710 predictum
736 1668 963 1701 WILLELMUM
996 1673 1027 1700 et
1057 1669 1188 1701 heredes
1219 1681 1291 1702 suos
1320 1669 1501 1702 debuerunt
1530 1669 1657 1709 reverti,

185 1738 312 1778 integre
336 1740 524 1768 remaneant
544 1736 695 1777 predictis
718 1736 880 1769 Romam
901 1740 933 1770 et
957 1738 1080 1770 Bumm
1101 1742 1133 1771 et
1154 1738 1324 1771 heredibus
1340 1739 1405 1770 suis
1420 1739 1459 1770 de
1476 1738 1658 1780 corporibus

185 1805 325 1848 ipsorum
347 1804 540 1836 exeuntibus
564 1830 570 1836 .
596 1804 786 1838 Tenendum
805 1807 845 1838 de
869 1807 1060 1849 capitalibus
1078 1808 1216 1839 dominis
1238 1807 1325 1839 feodi
1340 1808 1427 1839 illius
1449 1819 1504 1849 per
1526 1808 1657 1839 servicia

181 1886 243 1917 que
266 1875 307 1906 ad
323 1874 380 1905 illa
396 1876 580 1905 tenemento,
596 1874 767 1915 pertinent.
815 1875 861 1907 Et
883 1875 907 1907 si
933 1876 1100 1918 contingat
1123 1877 1209 1918 quod
1232 1876 1393 1918 prediatus
1417 1876 1598 1908 Rossmwns
1621 1878 1653 1908 et

185 1943 310 1975 BURGA
326 1942 464 1974 obierint
480 1942 548 1974 sine
564 1942 680 1974 herede
696 1944 736 1975 de
751 1944 935 1986 corporibus
951 1945 1091 1987 ipsorum
1108 1947 1270 1987 procreato
1289 1971 1294 1976 .
1312 1946 1390 1976 tune
1406 1947 1477 1986 post
1493 1945 1655 1976 decessum

185 2012 327 2054 ipsorum
367 2011 519 2043 1100111111
559 2017 591 2043 et
628 2010 752 2044 Bonos
789 2013 932 2055 predicta
968 2016 1152 2045 tenementa
1189 2025 1262 2045 eum
1291 2013 1495 2055 pertinentiis
1531 2013 1657 2055 integre

184 2082 372 2112 remaneant
388 2079 542 2111 Rmmno
557 2080 597 2111 de
610 2079 681 2111 Pm
688 2091 747 2112 RES
763 2080 856 2113 fratri
872 2082 1008 2123 predicti
1026 2081 1178 2114 Rounn'rx
1192 2084 1224 2114 et
1235 2081 1406 2114 heredibus
1417 2080 1601 2123 ma[s0u1is]
1617 2081 1657 2113 de

185 2159 315 2191 corpore
345 2159 402 2180 suo
438 2148 611 2190 procreatis
643 2174 648 2179 .
682 2148 873 2182 Tenendum
903 2151 944 2182 de
975 2150 1163 2192 capitalibus
1197 2150 1336 2182 dominis
1366 2150 1452 2182 feodi
1483 2150 1570 2182 illius
1600 2161 1656 2192 per

188 2217 319 2250 servicia
348 2228 410 2259 que
441 2217 482 2248 ad
512 2216 570 2248 illa
599 2219 784 2249 tenementa
813 2218 986 2260 pertinent.
1047 2218 1093 2251 Et
1123 2219 1148 2250 si
1179 2219 1347 2261 contingat
1379 2219 1465 2260 quod
1496 2218 1657 2259 predictus

189 2286 363 2318 Rmnmus
379 2284 493 2317 obierit
509 2285 577 2317 sine
588 2284 704 2317 herede
719 2287 860 2319 masculo
877 2287 916 2319 de
929 2298 1057 2330 corpore
1070 2299 1126 2319 suo
1136 2289 1309 2330 procreato,
1322 2289 1399 2319 tuno
1412 2289 1482 2328 post
1495 2287 1656 2318 decessum
