1820 2548
223 229 305 260 1078

784 401 1025 435 DCCOXOVI.

178 483 341 516 GRANT
368 483 422 515 IN
449 483 562 515 TAJL
592 483 656 515 BY
683 482 876 515 THOMAS
904 482 967 515 DE
994 483 1325 522 PENEBRYGGE,
1350 482 1635 515 TREASURER.

286 552 344 584 OF
370 551 641 590 HEREFORD,
669 551 727 583 ΤΟ
759 550 836 583 SIR
860 551 1048 584 ROBERT
1074 551 1138 583 DE
1165 550 1359 591 PENRES,
1384 550 1505 593 KNT.‚
1532 550 1633 583 AND

285 619 488 659 BOURGE,
520 619 602 651 HIS
632 619 769 658 WIFE‚
808 618 867 651 OF
904 619 1001 651 THE
1039 619 1209 651 MANOR
1237 619 1338 651 AND
1369 618 1634 652 ADVOWSON

286 688 344 720 OF
375 687 720 720 OXYNEWYCHE
750 687 885 720 WITH.
914 687 1159 720 SPEOIFIED
1191 687 1515 720 REMAINDERS.

715 767 889 811 [MARGAM
912 767 1102 809 CHARTER]

1025 850 1064 880 12
1087 849 1166 881 JAN.
1215 850 1254 880 13
1278 848 1373 881 Enw.
1398 848 1447 880 II.
1494 848 1588 880 1320.

217 931 327 964 Sciant
351 933 511 973 presentes
540 934 571 962 et
598 930 700 962 futuri
727 930 812 972 quod
837 941 896 972 ego
923 929 1066 961 Tamus
1091 931 1130 962 de
1154 929 1387 961 PENEBRYGGE
1417 929 1633 962 thesaurarius

176 1000 405 1031 HEREFORDOE
422 999 495 1030 dedi
511 998 647 1030 concessi
663 1002 694 1029 et
709 998 768 1029 hac
783 998 922 1040 presenti
938 1000 1024 1030 carta
1039 1009 1110 1035 mes.
1125 998 1310 1030 confirmavi
1326 998 1456 1030 domino
1472 997 1632 1030 RoBERTO

173 1068 213 1099 de
233 1067 369 1099 anmzs
392 1066 489 1098 militi
511 1069 543 1098 et
558 1066 703 1098 Bomos
718 1066 811 1098 uxori
832 1065 902 1108 ejus
920 1066 1100 1098 manerium
1119 1067 1159 1098 de
1175 1065 1419 1097 OXYNEWYCHE
1440 1066 1536 1098 simul
1559 1077 1632 1098 cum

173 1135 381 1168 advocacionc
397 1134 524 1166 ecclesie
539 1134 683 1175 ejusdem
699 1134 833 1166 manerii
849 1146 885 1166 ac
904 1134 1063 1176 homagiis
1078 1137 1110 1166 et
1125 1134 1263 1166 serviciis
1278 1134 1450 1166 liberomm
1464 1133 1632 1166 hominum

172 1216 208 1236 ac
224 1204 415 1236 villanorum
431 1204 465 1234 in
481 1203 536 1234 ino
553 1203 694 1234 manerio
710 1203 892 1234 tenencium
907 1205 939 1234 et
955 1214 1063 1235 eorum
1079 1202 1213 1244 sequelis
1234 1202 1333 1245 pratis
1347 1203 1472 1244 pascuis
1493 1202 1632 1244 pasturis

170 1273 272 1305 boscis
295 1273 402 1315 gravis
425 1273 524 1304 vastis
551 1272 743 1304 molendinis
768 1271 894 1303 releviis
917 1271 1096 1303 redditibus
1121 1270 1309 1313 escha[e]tis
1335 1275 1366 1302 ct
1389 1270 1536 1302 omnibus
1560 1270 1631 1303 aliis

172 1341 376 1384 pertinenciis
399 1341 440 1372 ad
462 1340 641 1383 predictum
664 1340 843 1371 manerium
866 1339 1088 1381 quoquomodo
1111 1338 1334 1380 spectantibus
1381 1338 1580 1370 Habendum
1599 1340 1631 1370 et

171 1410 347 1441 tenendum
368 1409 486 1440 eisdem
508 1409 638 1440 domino
659 1408 818 1440 Rossmzro
834 1410 865 1440 et
884 1407 1027 1439 BOURGE
1049 1410 1080 1439 et
1099 1406 1269 1438 heredibus
1286 1407 1350 1438 suis
1368 1407 1407 1438 de
1427 1418 1554 1449 corpore
1575 1417 1632 1439 suo

173 1478 350 1510 adinvicem
371 1477 540 1519 procreatis
563 1477 602 1508 de
618 1476 747 1518 capitali
762 1476 892 1508 domino
908 1476 993 1508 feodi
1014 1476 1101 1507 illius
1116 1475 1213 1506 libere
1229 1475 1335 1516 quiete
1351 1474 1430 1506 bene
1446 1478 1477 1506 et
1503 1475 1539 1506 in
1553 1486 1630 1517 pace

171 1547 243 1588 jure
266 1546 458 1578 hereditario
481 1557 536 1587 per
561 1545 692 1577 servicia
719 1544 827 1577 debita
849 1547 881 1576 et
907 1545 946 1576 de
968 1544 1040 1586 jure
1063 1547 1212 1576 consueta
1242 1544 1476 1586 inperpetuum.
1531 1543 1577 1575 Et
1602 1544 1629 1576 si

172 1615 338 1656 contingat
359 1615 443 1656 quod
466 1614 599 1656 predicti
618 1614 767 1645 dominus
791 1613 969 1645 Rosmzrus
992 1615 1023 1644 et
1046 1612 1188 1644 Bomoi:
1210 1611 1346 1644 obierint
1367 1612 1434 1644 sine
1454 1612 1570 1644 herede
1590 1612 1630 1644 de

172 1694 299 1724 corpore
322 1694 378 1714 suo
401 1682 579 1714 adinvicem
598 1684 760 1724 procreato
778 1706 784 1712 .
802 1683 878 1712 tunc
898 1684 970 1722 post
991 1681 1152 1712 decessum
1175 1680 1315 1722 ipsorum
1338 1680 1460 1712 domini
1475 1680 1628 1712 Roman

173 1756 204 1783 et
220 1751 363 1783 Bon-Ros
379 1751 557 1792 predictum
573 1750 752 1781 manerium
768 1761 840 1781 cum
858 1749 1062 1791 pertinenciis
1078 1751 1109 1781 et
1125 1748 1333 1780 advocacione
1349 1748 1476 1780 ecclesie
1490 1747 1631 1790 predicte

173 1820 297 1861 integre
313 1818 490 1850 remanebit
511 1818 665 1850 Bit-Anno
681 1818 773 1849 fratri
792 1817 926 1860 predicti
941 1816 1064 1848 domini
1083 1816 1236 1848 Romam
1253 1819 1284 1848 et
1299 1815 1469 1848 heredibus
1483 1815 1632 1848 masculis

171 1888 211 1919 de
242 1898 369 1929 corpore
399 1898 455 1919 suo
485 1886 657 1929 procreatis
680 1911 686 1918 .
712 1886 901 1918 Tenendum
938 1886 978 1917 de
1015 1885 1143 1927 capitali
1180 1885 1309 1916 domino
1345 1884 1432 1916 feodi
1461 1884 1548 1916 illius
1577 1895 1633 1926 per
1700 1882 1702 1884 ’

171 1956 313 1998 predicta
334 1956 465 1987 servicia
488 1955 569 1987 sicut
593 1955 771 1997 predictum
794 1956 841 1986 est
863 1954 1098 1996 inperpetuum.
1145 1953 1192 1984 Et
1213 1953 1240 1985 si
1262 1952 1430 1995 contingat
1451 1952 1537 1994 quod
1558 1963 1629 1994 pre-

170 2024 274 2056 dictus
293 2023 466 2056 Ramnes
489 2023 603 2055 obierit
618 2023 685 2055 sine
700 2022 815 2054 herede
830 2021 969 2054 masculo
992 2022 1032 2053 de
1051 2032 1178 2063 corpore
1193 2032 1250 2053 suo
1265 2022 1427 2062 procreato
1444 2045 1451 2051 .
1468 2023 1545 2052 tunc
1559 2022 1631 2062 post

171 2093 332 2124 decessum
347 2091 447 2134 ipsius
462 2090 609 2123 RmARm
632 2091 810 2133 predictum
835 2090 1013 2122 manerium
1038 2101 1110 2121 cum
1136 2088 1340 2131 pertinenciis
1366 2092 1399 2120 et
1422 2087 1629 2120 advocacione

170 2160 298 2192 ecclesie
329 2159 490 2191 antedicte
524 2159 702 2191 remanebit
738 2158 759 2190 J
762 2169 895 2190 onANm
927 2157 1021 2189 fratri
1050 2157 1195 2199 ejusdem
1222 2157 1369 2188 Rmsnm
1400 2159 1432 2188 et
1460 2155 1630 2188 heredibus

168 2229 315 2260 masculis
331 2228 370 2259 de
385 2238 513 2269 corpore
528 2239 584 2259 suo
600 2227 770 2269 procreatis
794 2252 800 2259 .
825 2226 1015 2258 Tenendum
1030 2226 1070 2258 de
1086 2225 1214 2267 capitali
1229 2224 1358 2256 domino
1374 2224 1460 2256 feodi
1471 2224 1558 2255 illius
1573 2234 1629 2266 per

171 2296 315 2339 predicta
344 2295 476 2327 servicia
501 2295 582 2327 sicut
604 2295 782 2337 predictum
802 2297 850 2327 est
875 2295 1110 2336 inperpetuum.
1156 2293 1202 2326 Et
1225 2293 1252 2325 si
1278 2292 1445 2334 contingat
1459 2292 1544 2334 quod
1559 2303 1630 2334 pre-
