1820 2548
1560 190 1623 221 927

827 342 1042 375 DCCOXIV.

197 422 560 456 CONFIRMATION
597 422 664 455 BY
697 422 899 455 MORGAN
939 424 1047 462 OAM,
1081 424 1140 456 OF
1174 424 1273 456 THE
1311 424 1496 457 GRANTS
1529 425 1664 457 MADE

218 491 284 524 BY
311 491 529 530 GILBERT,
556 490 685 523 EARL
712 491 772 523 OF
802 491 1120 532 GLOUOESTER,
1149 492 1207 525 ΤΟ
1240 492 1449 525 MARGAM
1476 493 1648 526 ABBEY.

742 565 916 609 [MARGAM
940 566 1134 610 CHARTER]

241 640 398 673 Omnibus
414 639 555 672 Cnms'rx
572 639 720 672 fidelibus
743 651 872 682 presens
895 641 1048 684 scriptum
1070 642 1184 674 visuris
1204 642 1255 674 vel
1274 642 1432 674 audituris
1449 668 1456 674 .
1474 642 1667 674 MORGANUS

199 709 274 742 GAM
291 709 437 741 salutem.

241 778 378 810 Noverit
402 777 592 809 universitas
616 779 720 809 vestra
743 802 750 808 .
774 778 860 820 quod
888 789 947 820 ego
972 778 1103 810 oonsilio
1129 780 1162 811 et
1186 790 1340 811 consensu
1365 779 1535 811 Munius
1558 780 1667 811 uxoris

196 858 267 879 mee
284 872 290 878 .
309 849 341 878 et
356 846 492 878 aliorum
514 845 688 878 amicorum
706 856 850 878 meorum
872 847 1009 878 concessi
1034 849 1066 879 et
1084 847 1224 889 presenti
1245 849 1332 879 carta
1349 848 1534 880 confirmavi
1550 848 1620 880 Deo
1636 850 1668 880 et

197 915 324 948 ecclesie
351 915 466 947 Sancte
492 914 613 946 MARxE
642 915 682 946 de
709 914 864 946 MARGAN
892 917 924 947 et
955 915 1118 947 monachis
1142 915 1263 948 ibidem
1293 915 1364 948 Deo
1395 916 1606 948 servientibus
1632 917 1667 948 in

195 987 383 1026 perpetuam
403 983 608 1015 elemosinam
629 994 739 1015 omnes
759 983 948 1015 donationes
970 995 1048 1026 quas
1068 984 1145 1016 feeit
1162 984 1207 1016 eis
1229 984 1468 1016 GinLnssnnrns
1489 985 1529 1016 de
1553 984 1668 1017 CLARA

196 1064 300 1085 eomes
331 1052 563 1085 G110UCESTR1E
593 1077 599 1083 .
626 1052 661 1083 in
690 1051 788 1084 feudo
819 1051 911 1083 Now
943 1051 1107 1084 CASTELLI
1141 1078 1147 1084 .
1173 1053 1292 1085 seilicet
1321 1055 1424 1085 totam
1455 1064 1577 1085 moram
1607 1065 1669 1095 que

195 1121 281 1164 J'aoet
301 1121 386 1153 inter
407 1121 498 1152 illam
517 1131 640 1153 moram
662 1131 758 1162 quam
779 1122 870 1163 pater
889 1132 979 1153 meus
998 1121 1042 1153 eis
1063 1121 1154 1153 dedit
1175 1123 1207 1153 et
1229 1121 1401 1153 incartavit
1421 1147 1427 1153 .
1446 1124 1478 1154 et
1494 1133 1611 1163 aquam
1629 1123 1669 1154 de

196 1189 367 1222 Burrum
396 1214 401 1220 .
429 1189 510 1220 sieut
533 1189 619 1221 dieta
643 1200 726 1231 aqua
750 1189 790 1221 de
815 1189 986 1221 Buram
1014 1189 1053 1222 ab
1078 1189 1239 1222 occidente
1265 1192 1298 1222 et
1322 1190 1445 1222 rivulus
1467 1191 1523 1232 qui
1554 1191 1672 1223 dieitur

197 1258 521 1291 GUTHELINDELAKE
545 1257 584 1290 ab
608 1258 730 1290 oriente
753 1259 951 1290 descendunt
974 1259 1014 1290 de
1037 1258 1194 1290 TREYKIC
1216 1270 1316 1301 usque
1339 1259 1373 1291 in
1397 1259 1578 1291 Hortum.
1625 1259 1671 1291 Et

197 1329 341 1369 preterea
360 1338 470 1358 omnes
489 1337 576 1358 acras
597 1328 680 1358 terre
701 1337 779 1368 quas
803 1327 847 1358 eis
866 1327 970 1358 dietus
986 1338 1089 1359 comes
1109 1327 1199 1359 dedit
1222 1330 1254 1360 et
1274 1327 1445 1360 ineartavit
1461 1328 1494 1360 in
1511 1328 1669 1360 territorio

197 1396 237 1428 de
252 1394 492 1427 LAGELEs'rnn'
505 1421 511 1426 .
526 1397 593 1426 tam
609 1406 648 1426 ex
665 1395 844 1437 aquilonari
860 1397 951 1437 parte
967 1407 1085 1438 magne
1102 1396 1154 1427 vie
1169 1407 1230 1438 que
1246 1396 1336 1428 vadit
1351 1408 1459 1428 versus
1472 1396 1668 1429 WAanms

198 1463 322 1496 Cnossn
346 1464 379 1495 111
405 1463 675 1495 Roussmsmsnss
693 1489 699 1495 .
717 1475 814 1506 quam
837 1475 876 1496 ex
900 1464 1032 1496 australi
1055 1466 1146 1506 parte
1169 1464 1312 1506 ejusdem
1331 1465 1381 1497 vie
1403 1467 1436 1497 et
1459 1465 1606 1497 similiter
1628 1467 1668 1497 de

197 1531 447 1564 LAGELESTtm'.
494 1531 567 1563 Has
598 1543 707 1564 omnes
737 1535 836 1564 terras
867 1533 1004 1564 concessi
1035 1534 1068 1564 et
1098 1533 1283 1565 confirmavi
1314 1533 1408 1565 dietis
1437 1534 1601 1566 monachis
1630 1538 1665 1565 ut

195 1600 336 1633 habeant
364 1603 396 1631 et
422 1602 553 1632 teneant
579 1601 705 1632 easdem
730 1600 827 1633 libere
856 1603 888 1633 et
913 1601 1020 1643 quiete
1047 1601 1087 1633 ab
1112 1601 1201 1633 omni
1226 1602 1455 1634 consuetudine
1478 1603 1610 1634 seculari
1634 1605 1666 1635 et

196 1669 323 1701 servitio
340 1668 374 1699 in
390 1671 576 1710 perpetuam
594 1668 817 1701 elemosinam.
832 1669 912 1701 sieut
930 1680 1084 1711 umquam
1100 1681 1153 1702 eas
1168 1669 1299 1702 liberius
1315 1673 1345 1702 et
1362 1671 1476 1702 melius
1491 1673 1663 1703 tenuerunt

197 1740 338 1778 tempore
362 1736 574 1768 Gustu-:BERN
599 1737 638 1768 de
661 1736 776 1768 CLARE
795 1762 801 1769 .
819 1738 943 1770 comitis
966 1738 1176 1770 Grocsssmm
1194 1764 1200 1770 .
1218 1739 1252 1770 in
1275 1739 1422 1771 omnibus
1438 1742 1469 1770 et
1485 1750 1541 1781 per
1557 1740 1664 1772 omnia

197 1805 278 1838 sieut
301 1807 385 1837 oarte
405 1804 550 1846 ejusdem
567 1804 778 1837 GILLEBERTt
801 1806 924 1838 comitis
941 1832 948 1838 .
966 1818 1044 1849 quas
1066 1807 1140 1839 inde
1163 1806 1282 1840 habent
1300 1832 1306 1839 .
1324 1809 1490 1839 testantur.
1536 1807 1583 1840 Et
1603 1819 1664 1851 ego

196 1876 229 1906 et
255 1873 387 1905 heredes
412 1873 475 1904 mei
501 1884 610 1905 omnes
634 1874 791 1915 predictas
816 1877 915 1906 terras
942 1875 1036 1907 dictis
1062 1875 1226 1908 monachis
1251 1875 1530 1908 warantizabimus
1553 1879 1663 1908 eontra

195 1954 304 1975 omnes
327 1941 471 1973 homines
492 1944 523 1973 et
546 1942 683 1973 feminas
701 1967 706 1973 .
725 1945 756 1974 et
778 1943 916 1975 maxime
938 1946 1048 1975 eontra
1068 1943 1268 1976 WALENSES.
1316 1944 1360 1976 Et
1376 1947 1412 1976 ut
1427 1944 1486 1976 hae
1502 1956 1573 1976 mea
1589 1957 1662 1977 0011-

197 2011 293 2044 cessio
314 2014 347 2042 et
367 2010 565 2042 confirmatio
588 2010 749 2043 firmitatis
770 2011 866 2044 robur
890 2012 1032 2054 optineat
1056 2013 1090 2044 in
1112 2015 1303 2054 perpetuum
1321 2038 1326 2044 .
1345 2015 1524 2054 presentem
1543 2016 1662 2045 cartam

196 2079 295 2122 sigilli
311 2079 374 2111 mei
390 2079 596 2121 impressione
612 2079 766 2111 roboravi.
814 2079 892 2112 Hiis
907 2080 1053 2113 testibus.

238 2147 440 2179 Entitled—‘
454 2146 661 2179 Confirmatio
700 2147 838 2190 Morgan
884 2148 986 2180 Cham
1025 2149 1063 2180 de
1110 2148 1202 2180 terris
1244 2149 1360 2180 nostris
1403 2149 1488 2190 apud
1532 2149 1662 2181 Novum

197 2215 395 2248 Castellum.'

238 2276 263 2299 It
280 2277 300 2299 is
317 2280 343 2298 ιο
360 2277 389 2298 be
401 2277 525 2299 remarked
537 2277 591 2298 than
604 2277 714 2306 Murgan,
727 2278 826 2305 who,21s
846 2277 909 2300 Lord
927 2278 951 2300 of
964 2278 1044 2303 Avau.
1057 2285 1106 2300 was
1123 2278 1281 2301 subordinate
1297 2282 1323 2300 to
1339 2278 1382 2300 the
1398 2278 1461 2302 Earl.
1474 2278 1528 2301 here
1545 2279 1658 2301 confirm<

201 2318 243 2341 the
254 2318 371 2341 domnion
384 2319 409 2341 of
420 2319 457 2340 his
469 2319 578 2347 superior
594 2319 652 2341 loni,
