1820 2548
203 180 266 210 736

791 319 994 352 DCLXXV.

206 389 410 423 WALTER
447 389 510 422 DE
549 388 734 421 REYGNI
773 387 957 419 GRANTS
997 388 1128 420 LAND
1168 388 1221 420 IN
1259 388 1356 420 THE
1395 388 1487 420 FEE
1525 388 1584 421 OF

229 451 544 489 DENESPOWIS,
570 451 631 483 ΟΒ
654 450 799 483 DINAS
825 448 996 489 POWYS,
1015 449 1071 481 ΤΟ
1104 449 1228 482 JOHN
1260 450 1324 482 DE
1358 450 1552 483 REYGNI.

651 518 754 561 [Ann.
788 517 963 555 Ciminum,
994 517 1140 561 24‚262.]
1503 518 1579 551 S.D.

210 588 318 620 Sciant
350 590 510 630 presentes
544 589 575 618 et
607 586 708 618 sunm·
739 586 823 627 quod
855 597 914 628 ego
945 585 1140 618 WALTERUS
1170 587 1210 618 de
1242 586 1378 618 REYGNJ
1410 587 1557 618 dominus
1586 587 1626 618 de

166 657 419 688 Mmmsmwss
436 656 510 687 dedi
526 658 556 686 et
574 655 710 686 concessi
726 658 757 686 et
781 654 840 686 hac
855 655 994 696 presenti
1010 657 1095 686 carta
1110 666 1181 686 mea
1203 655 1386 687 confirmavi
1408 655 1430 687 J
1432 666 1565 686 OHANNI
1588 655 1627 687 de

166 725 303 757 Raram
321 735 418 755 unum
433 735 539 755 acram
555 726 585 755 et
596 726 744 765 quartam
760 725 883 764 partem
896 722 990 754 unius
1005 734 1074 754 acre
1087 723 1170 765 prati
1187 734 1258 754 cum
1267 723 1471 765 pertinenciis
1486 723 1519 754 in
1532 723 1626 755 feodo

166 793 206 825 de
225 792 447 824 DENEspowxs
464 803 527 823 una
546 803 618 823 vero
635 791 769 822 dimidia
786 802 857 822 acra
873 791 912 822 de
927 794 1018 833 prato
1042 792 1182 832 predicto
1201 791 1283 833 jacet
1300 792 1385 833 apud
1401 791 1627 823 LANGESTONE

167 864 199 892 et
220 860 282 892 fuit
308 860 441 891 condam
458 860 579 891 domini
603 859 829 890 Cnmsmpom
847 859 1001 900 capellani
1025 862 1055 891 et
1080 859 1213 890 dimidia
1232 871 1303 891 acra
1322 870 1394 890 cum
1419 859 1516 891 tercia
1538 861 1628 901 parte

167 928 262 960 unius
285 939 355 960 acre
384 928 468 969 jacet
491 928 525 958 in
549 931 639 969 prato
671 928 755 968 quod
779 927 895 959 dicitur
918 926 1096 959 PAPLmon
1119 928 1204 968 quod
1227 928 1360 959 condam
1384 927 1490 959 OWEN
1513 927 1629 960 tenuit.

168 996 365 1028 Habendum
382 1000 411 1027 et
429 996 603 1027 tenendum
620 996 659 1027 de
676 1007 726 1027 nie
742 999 771 1027 et
788 995 958 1027 heredibus
974 996 1051 1027 meis
1074 996 1123 1027 vel
1147 996 1316 1038 assignatis
1332 995 1391 1027 sibi
1414 997 1445 1027 et
1460 994 1630 1027 heredibus

166 1065 231 1096 suis
262 1065 311 1096 vel
342 1064 512 1106 assignatis
543 1063 639 1095 libere
678 1064 784 1105 quiete
815 1063 894 1095 bene
932 1064 1059 1105 pacifi‹·e
1097 1064 1223 1106 integre
1259 1063 1331 1105 jure
1368 1068 1399 1095 et
1439 1063 1628 1095 hereditarie

167 1133 401 1175 inperpetuum.
459 1132 636 1164 Reddendo
676 1132 750 1164 inde
781 1133 948 1163 annuatim
979 1132 1044 1174 ipse
1082 1136 1114 1164 et
1148 1132 1279 1164 heredes
1311 1133 1359 1164 sui
1390 1133 1439 1164 vel
1476 1131 1632 1174 assignati

165 1201 332 1232 dimidiam
370 1200 484 1231 libram
523 1211 591 1232 cere
629 1201 669 1231 ad
707 1201 807 1232 altare
846 1200 954 1231 Sancti
994 1199 1165 1231 Ntcnomr
1204 1204 1235 1232 et
1272 1201 1306 1232 in
1340 1201 1452 1243 vigilia
1485 1200 1630 1242 ejusdem

168 1270 241 1301 festi
286 1270 319 1300 in
365 1269 494 1300 ecclesia
539 1269 578 1300 de
628 1268 881 1301 chnsstsrowss
926 1272 958 1300 et
1004 1269 1168 1311 Hospitali
1212 1268 1322 1301 Sancti
1372 1268 1545 1300 JOHANNIS
1593 1269 1633 1300 de

167 1336 189 1369 J
194 1347 370 1368 Eussnex
401 1347 458 1378 pro
489 1336 596 1368 anima
629 1348 700 1368 mea
730 1341 761 1368 et
792 1348 848 1378 pro
887 1337 1053 1369 animabus
1084 1340 1315 1369 antecessorum
1353 1341 1384 1368 et
1421 1347 1633 1369 successorum

169 1416 313 1436 meorum
340 1410 404 1436 tres
429 1405 576 1436 denarios
603 1405 637 1435 in
668 1405 720 1436 die
748 1405 927 1446 palmarum
954 1406 987 1437 in
1013 1405 1141 1437 ecclesia
1166 1406 1206 1437 de
1232 1405 1484 1437 MicHELsrown
1512 1404 1636 1437 duobus

170 1473 371 1514 parochianis
401 1473 542 1514 ejusdem
573 1473 699 1505 ecclesie
730 1476 761 1504 et
793 1474 877 1515 quod
907 1474 967 1515 ipsi
993 1474 1116 1506 solvent
1140 1474 1239 1505 dictos
1267 1479 1330 1505 tres
1355 1473 1500 1505 denarios
1523 1473 1557 1505 in
1584 1473 1636 1504 die

171 1540 379 1573 absolutionis
402 1541 486 1572 dieto
508 1540 674 1583 Hospitali
694 1542 733 1572 de
756 1541 777 1573 J
782 1552 957 1573 ERtSALl-:M
980 1553 1037 1583 pro
1061 1541 1208 1574 omnibus
1231 1542 1368 1574 serviciis
1390 1541 1582 1573 secularibus
1604 1544 1637 1573 et

172 1609 348 1640 domandis
406 1608 450 1668 {lt
477 1609 502 1640 si
527 1609 631 1641 dictus
655 1609 837 1640 JOHANNES
861 1610 910 1641 vel
936 1609 1066 1642 heredes
1091 1610 1139 1641 sui
1164 1610 1214 1642 vel
1241 1610 1394 1652 assignati
1421 1610 1454 1641 in
1479 1609 1636 1641 solutione

172 1677 250 1709 dicti
265 1677 410 1708 redditus
425 1676 570 1708 terminis
585 1677 766 1718 prescriptis
783 1678 948 1709 cessaverit
965 1678 1036 1710 volo
1052 1678 1136 1719 quod
1160 1681 1262 1709 rector
1277 1678 1404 1710 ecclesie
1419 1678 1458 1709 de
1481 1668 1636 1709 1111011111,-

174 1756 284 1777 srown
313 1745 367 1786 qui
400 1756 456 1786 pro
487 1748 629 1787 tempore
661 1745 758 1777 fuerit
789 1746 886 1788 possit
917 1746 1043 1788 ingredi
1074 1746 1299 1788 possessionem
1329 1746 1407 1778 dicti
1436 1746 1520 1788 prati
1550 1746 1638 1778 omni

175 1813 362 1854 exoepeione
393 1817 515 1845 remota
545 1817 577 1845 et
607 1814 866 1846 contradictione.
914 1814 959 1846 Et
989 1826 1048 1856 ego
1078 1826 1152 1846 vero
1183 1815 1343 1857 predictus
1372 1814 1569 1847 WALTERUS
1598 1814 1637 1845 de

177 1881 315 1912 REYGxx
332 1885 362 1912 et
387 1881 518 1912 heredes
541 1881 604 1913 mei
620 1882 670 1913 vel
693 1882 848 1924 assignati
870 1887 974 1914 totum
997 1883 1174 1924 predictum
1198 1885 1325 1924 pratum
1341 1894 1414 1914 cum
1436 1881 1639 1924 pertinenciis

180 1950 263 1981 dicto
288 1949 308 1980 J
311 1960 443 1980 OHANNI
461 1950 500 1981 de
523 1949 661 1981 Raram
679 1953 709 1981 et
726 1950 894 1982 heredibus
911 1952 974 1982 suis
990 1952 1040 1983 vel
1055 1951 1224 1993 assignatis
1243 1954 1352 1983 contra
1368 1962 1477 1982 omnes
1491 1949 1640 1982 mortales

177 2016 452 2048 warentizabimus
475 2022 505 2048 et
529 2018 756 2060 inperpetuum
779 2019 997 2050 defendemus,
1044 2019 1094 2050 Ut
1118 2019 1175 2051 hcc
1190 2030 1261 2051 mea
1276 2019 1407 2050 donacio
1430 2017 1584 2050 concessio
1607 2020 1640 2049 et

179 2086 334 2127 presentis
356 2089 440 2117 carte
463 2097 532 2118 mee
555 2087 756 2119 confirmacio
779 2092 846 2119 rate
870 2088 997 2119 stabiles
1021 2093 1052 2119 et
1076 2088 1163 2119 illese
1185 2089 1393 2129 permaneant
1415 2087 1640 2128 inperpetuum

178 2153 261 2184 hanc
276 2156 453 2194 presentem
466 2159 585 2186 cartam
602 2155 700 2197 sigilli
713 2156 775 2187 mei
792 2155 996 2197 impressione
1012 2156 1166 2188 roboravi.
1213 2155 1290 2187 Hiis
1304 2154 1437 2187 testibus
1451 2180 1456 2185 .
1471 2154 1640 2186 PmLu’l’o

180 2221 276 2253 an
309 2247 315 2252 .
349 2221 542 2253 WILLELMO
574 2222 671 2255 Gmnr
703 2250 708 2254 .
743 2223 903 2256 Romam
934 2223 1102 2256 Tflnnoon
1131 2250 1137 2255 .
1169 2224 1334 2256 JOHANNE
1363 2224 1402 2255 de
1431 2223 1462 2254 la
1493 2222 1640 2255 GRENE.

179 2289 202 2322 J
204 2299 342 2321 OHANNE
359 2290 398 2321 de
415 2289 530 2322 COGAN
549 2316 554 2322 .
573 2295 605 2323 et
620 2291 699 2324 aliis.
