1820 2548
321 159 383 190 834

275 312 418 345 bussellie
434 313 572 346 mixture
587 315 720 356 receptis
736 315 775 346 de
799 314 938 356 predicto
962 314 1112 346 mexo.
1159 314 1204 346 Et
1224 315 1263 347 de
1285 326 1338 346 xv.
1362 316 1529 356 quarteriis
1549 327 1576 347 J.
1596 315 1732 350 bussello

274 382 413 414 mixture
425 383 558 424 receptis
567 384 607 414 ad
618 383 711 414 idem.
748 382 882 414 Summa
895 393 1003 414 xxvm.
1016 383 1184 424 quarteria.
1210 383 1309 415 Unde
1325 387 1489 425 computat
1498 384 1533 415 in
1542 384 1731 417 liberacione

271 460 297 481 J.
314 450 458 482 messoris
473 461 498 482 J.
515 451 675 482 carectarii
691 456 722 482 et
739 461 769 482 x.
787 451 1019 482 carucariorum
1034 462 1053 482 n.
1068 456 1132 483 xx0*
1150 452 1201 483 die
1217 451 1340 494 Aprilis
1355 463 1440 483 anno
1456 463 1502 484 1x.
1519 464 1618 494 usque
1634 463 1728 485 xxxx.

273 517 357 549 diem
373 517 567 560 Septembris
583 519 725 560 proxime
741 522 925 560 sequentem
940 530 996 561 per
1011 530 1111 551 xxm-1.
1128 520 1321 561 septimanas
1337 524 1369 552 et
1388 531 1424 552 1J.
1446 521 1514 552 dies
1525 523 1659 563 utroque
1675 521 1730 554 die

269 590 451 627 computato
468 597 576 618 xxvu.
593 588 753 628 quarteria
772 598 907 629 quorum
923 587 1057 628 quilibet
1077 588 1160 629 cepit
1175 588 1371 629 quarterium
1387 600 1443 630 per
1466 600 1496 620 x.
1521 589 1723 631 septimanas.

271 653 403 686 Summa
418 666 479 696 que
495 655 590 696 prius.
638 655 681 686 Et
700 655 781 687 nihil
795 660 950 686 remanet.

818 722 994 755 COMPOTUS
1017 723 1190 756 INSTAURI.

312 791 407 822 Affri.
454 791 546 823 Idem
562 792 729 833 respondet
744 792 784 823 de
801 803 838 823 1-1.
856 791 945 823 astris
960 792 1093 833 receptis
1107 792 1146 824 de
1163 793 1247 824 dieto
1264 792 1405 824 PAGAxo
1428 804 1484 834 per
1506 793 1720 826 indenturam.

268 859 356 890 Sum.
376 870 412 890 υ.
461 859 504 891 Et
520 865 686 891 remanent
704 871 740 891 1J.
759 861 842 892 affri.

310 927 422 959 Boves.
468 927 562 960 Idem
582 929 749 970 respondet
768 929 806 960 de
828 940 905 960 xxx.
926 928 1026 961 bobus
1048 929 1180 971 receptis
1203 930 1242 960 *le
1267 929 1352 961 dioto
1373 929 1514 962 PAGANO
1535 941 1591 972 per
1609 930 1724 963 inden-

265 1000 379 1027 turam.
426 996 470 1028 Et
487 997 526 1027 de
542 1002 630 1027 111J0'-
646 996 746 1029 bobus
757 998 796 1029 de
812 998 984 1039 empcione.
1031 996 1118 1029 Sum.
1138 1003 1298 1029 xxxmmffl·
1342 997 1387 1029 Et
1402 1001 1569 1030 remanent
1580 1009 1721 1031 xxxms.

268 1064 372 1096 boves.

309 1132 407 1164 Ferre.
431 1144 592 1174 equorum.
640 1133 683 1164 Et
707 1134 746 1164 de
770 1145 846 1165 vus.
864 1133 955 1165 ferris
970 1144 1123 1175 equorum
1138 1134 1271 1175 receptis
1287 1134 1326 1165 de
1342 1135 1472 1166 redditu
1488 1135 1529 1166 ad
1545 1121 1719 1168 terminum

263 1200 372 1232 Sancti
388 1200 590 1232 Mutamus.
641 1201 774 1233 Summa
790 1212 866 1232 vul.
906 1201 951 1232 Et
962 1201 1146 1232 venduntur
1157 1201 1243 1233 infra.
1253 1202 1288 1233 in
1301 1202 1403 1244 capite
1414 1203 1453 1234 de
1468 1203 1598 1235 redditu
1613 1203 1720 1235 assise.

265 1268 309 1300 Et
327 1268 408 1300 nihil
424 1274 576 1300 remanet.

815 1336 991 1368 Courorcs
1014 1336 1171 1368 OPERUM.

304 1405 433 1437 Minuta
460 1416 563 1447 opera.
621 1404 714 1437 Idem
743 1405 912 1446 respondet
941 1405 980 1436 de
1011 1415 1189 1436 Moccxmu.
1222 1404 1369 1446 operibus
1400 1405 1602 1437 manualibus
1638 1417 1710 1448 pro-

262 1473 462 1505 venientibus
477 1474 516 1505 de
532 1473 732 1505 custumariis
747 1474 787 1505 de
806 1473 1003 1504 Lxxnmwm
1018 1484 1037 1504 a
1053 1478 1117 1504 xx⁰·
1140 1473 1191 1505 die
1206 1472 1329 1514 Aprilis
1345 1484 1443 1514 usque
1455 1473 1566 1515 gulam
1575 1473 1719 1516 Augusti

262 1553 318 1584 per
328 1553 418 1573 me.
431 1542 624 1584 septimanas
633 1547 665 1573 et
675 1552 743 1572 111J.
755 1541 822 1572 dies
831 1541 948 1572 scilieet
960 1552 1015 1582 per
1025 1540 1235 1582 septimanam
1248 1551 1335 1572 cxrx.
1349 1552 1444 1583 opera.
1459 1541 1600 1583 precium
1615 1541 1719 1583 operis

261 1612 304 1641 ob.
352 1609 483 1641 Summa
510 1620 689 1641 MDCCXLVJ.
736 1609 834 1641 Unde
851 1612 1013 1650 computat
1025 1609 1058 1640 in
1074 1608 1291 1650 acquietancia
1302 1620 1327 1640 J.
1342 1609 1514 1651 prepostiJ.
1528 1609 1673 1641 messoris
1687 1621 1713 1641 J.

261 1678 375 1710 bedelli
400 1690 455 1720 per
481 1678 566 1710 idem
592 1681 718 1719 tempus
744 1688 836 1709 vas.
898 1676 939 1708 In
967 1677 1149 1708 vendieione
1175 1679 1210 1708 ut
1235 1677 1321 1708 infra
1346 1688 1505 1709 uncmflx.
1551 1676 1596 1709 Et
1622 1689 1717 1720 super

262 1750 443 1788 compotum
460 1758 490 1778 x.
537 1746 582 1778 Et
597 1746 679 1778 nihil
694 1748 847 1778 remanet.

303 1815 330 1846 F
332 1815 458 1846 aloaeio.
506 1814 551 1846 Et
581 1815 619 1846 de
651 1825 706 1845 xx.
739 1813 886 1855 operibus
908 1813 950 1844 ad
971 1813 1178 1845 falcacionem
1200 1816 1365 1855 pratorum
1387 1812 1648 1855 provenientibus
1673 1813 1717 1846 de

261 1883 410 1925 predictis
425 1883 626 1915 cuetumariis
641 1882 782 1924 precium
799 1882 902 1923 operis
918 1883 1005 1913 mul.
1041 1880 1175 1913 Summa
1198 1892 1252 1913 xx.
1288 1880 1334 1913 Et
1346 1881 1530 1913 venduntur
1538 1880 1632 1913 infra.
1668 1881 1715 1914 Et

258 1950 340 1982 nihil
356 1954 508 1982 remanet.

302 2018 406 2061 Opera
421 2019 654 2060 autumpnalia.
712 2018 757 2049 Et
772 2019 811 2049 de
832 2029 996 2049 MDccxxx.
1014 2017 1160 2059 operibus
1175 2016 1438 2058 autumpnalibus
1451 2016 1710 2058 provenientibus

254 2087 293 2119 de
315 2087 463 2128 predictis
474 2087 675 2118 custumariis
684 2086 826 2127 precium
837 2086 1009 2127 cujuslibet
1032 2086 1134 2128 operis
1152 2087 1211 2117 ml.
1258 2085 1304 2117 Et
1318 2086 1357 2116 de
1374 2095 1549 2116 MDCOCLVJ.
1565 2083 1714 2126 operibus

253 2155 514 2197 autumpnalibus
523 2154 782 2197 provenientibus
793 2154 832 2185 de
842 2154 961 2185 eisdem
971 2154 1171 2185 custumariis
1181 2155 1213 2185 et
1222 2153 1261 2185 de
1271 2153 1426 2185 coterellis
1435 2152 1554 2185 ibidem
1565 2152 1708 2194 precium

252 2223 423 2265 cujuslibet
439 2223 542 2265 operis
555 2225 600 2254 πῖ.
658 2222 791 2255 Summa
811 2227 1006 2254 urrunnun
1019 2233 1066 2253 vs.
1113 2221 1212 2253 Unde
1233 2221 1320 2253 idem
1335 2223 1498 2263 computat
1512 2220 1547 2252 in
1562 2220 1709 2262 acquiet-
