1820 2548
234 237 316 269 1048

186 393 251 425 suis
266 393 434 435 assignatis
450 397 559 425 contra
575 403 683 424 omnes
698 392 847 424 mortales
858 391 1134 424 warantizabimus
1150 395 1181 423 et
1193 391 1402 423 defendemus
1413 391 1645 433 inperpetuum.

186 461 232 493 Et
255 465 291 493 ut
316 461 374 492 hec
397 472 468 492 meu
494 461 626 492 donacio
650 461 805 492 concessio
826 463 857 492 et
877 459 977 501 hujus
997 460 1151 502 presentis
1171 462 1256 491 carte
1271 471 1340 491 mee
1359 459 1558 491 confirmacio
1578 461 1648 492 rata

185 532 217 561 et
243 529 365 561 stabilis
392 530 617 572 inperpetuum
643 531 826 570 permaneat
854 528 935 560 hanc
962 531 1139 570 presentem
1172 530 1291 560 cartam
1320 538 1425 559 ineam
1455 527 1554 569 sigilli
1583 527 1647 559 mei

186 598 390 640 impressione
412 597 565 630 roboravi.
613 597 690 629 Hijfl
706 596 841 629 testibus
858 622 864 627 .
882 596 1020 628 dominis
1035 596 1195 628 Romamn
1211 597 1251 628 de
1267 595 1458 628 GRENDONE
1473 598 1551 627 tuno
1566 595 1647 628 vioe-

185 667 299 698 comite
321 666 573 698 GLAMORGANIE
591 692 597 697 .
615 665 809 698 W11,LELMO
828 665 858 696 le
874 664 1042 697 FLEmNG
1062 689 1068 696 .
1085 664 1250 696 JOHANNE
1269 664 1299 695 lc
1323 663 1453 695 Nonms
1471 689 1476 695 .
1495 662 1602 695 ADAM
1617 663 1648 695 le

183 733 325 766 WAms
350 760 356 765 .
382 734 550 765 PmLLn‘o
574 734 603 766 le
627 734 797 766 nmmo
820 733 977 766 militibus
1001 759 1007 765 .
1033 733 1186 765 Rmfflno
1205 733 1235 764 le
1256 732 1425 763 NERBERD
1451 757 1456 763 .
1481 731 1645 764 JOHANNE

183 802 205 834 J
208 813 294 833 OL’EL
310 805 339 833 et
357 802 436 833 aliis.

224 870 346 902 Datum
363 871 449 912 apud
469 870 694 902 Esrmzefflun
718 871 830 912 quinto
846 870 967 902 decimo
983 869 1035 901 die
1050 869 1132 900 Maii
1148 879 1231 900 anno
1247 868 1340 911 regni
1357 868 1458 910 Regis
1473 868 1643 900 Enwfflm

181 938 240 970 filii
255 938 423 970 EDWARDI
442 938 543 981 Regis
559 939 691 971 decimo.

223 1006 444 1039 Endorsed—‘
458 1007 553 1039 Carta
569 1007 728 1040 Willelmi
744 1008 774 1039 le
798 1007 998 1039 Berkerolles
1020 1006 1060 1038 de
1083 1005 1175 1038 terris
1199 1005 1233 1036 in
1256 1005 1451 1037 Estorchard
1475 1004 1646 1046 Landefey

182 1077 213 1107 et
229 1074 377 1117 Ogmore.

225 1141 297 1174 Seal
313 1143 468 1185 wanting.

750 1414 1068 1448 DCCCLXXXVI.

182 1509 342 1542 ROYAL
380 1509 508 1541 WRIT
547 1508 604 1540 TO
646 1508 743 1540 THE
786 1508 1066 1541 ESCHEATOR
1111 1508 1253 1540 OITRA
1307 1507 1547 1547 TRENTAM,
1586 1507 1644 1540 TO

290 1577 504 1610 DELIVER
534 1577 568 1609 A
603 1576 762 1608 SHARE
806 1576 865 1608 OF
906 1576 1112 1609 GILBERT
1153 1577 1216 1608 DE
1259 1575 1449 1608 CLARE’S
1488 1575 1646 1608 LANDS

287 1645 344 1678 ΤΟ
391 1645 534 1677 HUGH
581 1645 641 1677 LE
689 1644 972 1684 DESPENSER,
1003 1644 1191 1683 JUNIOR,
1224 1643 1332 1683 ETC„
1373 1644 1506 1677 WITH
1545 1643 1643 1676 THE

291 1713 546 1747 SCHEDULE
577 1713 635 1745 OF
667 1713 765 1745 THE
796 1713 952 1746 LANDS
981 1712 1258 1745 SUBJOINED.

418 1794 532 1837 [er.
557 1794 644 1826 Mus.
693 1794 822 1826 Gorrox
846 1793 916 1826 MS.
963 1794 1086 1826 JULqu
1110 1793 1148 1825 B.
1167 1793 1264 1832 XII„
1281 1793 1303 1825 f.
1323 1794 1411 1834 169]

1006 1875 1046 1906 15
1063 1874 1150 1906 Nov.
1199 1875 1236 1905 11
1258 1873 1372 1916 [Enw.
1390 1872 1458 1916 Π.]
1507 1873 1601 1905 1317.

227 1956 299 1988 Rex
321 1956 437 1988 dileoto
461 1955 574 1987 clerico
601 1966 657 1987 suo
680 1955 835 1997 magistro
861 1954 882 1986 J
885 1965 1017 1986 OHANNI
1048 1953 1284 1987 WALEWAYNE
1314 1953 1463 1986 esoaetori
1486 1964 1543 1986 suo
1565 1953 1645 1986 eitra

184 2023 381 2056 TRENTHAM
398 2023 542 2055 salutem.

227 2092 309 2124 Cum
321 2103 423 2134 nuper
435 2091 609 2134 ceperimus
620 2091 807 2134 homagium
819 2092 927 2124 dilecti
943 2095 973 2123 et
990 2091 1091 2123 fidelis
1106 2090 1206 2122 nostri
1221 2089 1382 2122 Hnooms
1397 2090 1427 2121 le
1442 2089 1643 2121 Dsssrlmsnn

182 2160 327 2193 Junioris
342 2160 397 2201 qui
412 2159 620 2192 Armorum
636 2160 884 2202 primogenitam
900 2170 1037 2192 sororem
1059 2162 1091 2191 et
1113 2169 1212 2191 unam
1233 2158 1386 2190 heredum
1410 2157 1576 2189 GILBERTI
1603 2157 1644 2190 de

183 2227 298 2260 GLARE
333 2239 436 2270 nuper
470 2228 593 2260 comitis
624 2227 855 2260 (hore-nsum
886 2231 917 2260 et
948 2227 1176 2259 HERTFORDIE
1207 2226 1362 2265 defuncti,
1393 2228 1424 2258 et
1455 2226 1643 2258 fidelitatem

182 2296 370 2328 dilectorum
410 2299 440 2327 et
477 2296 621 2328 fidelium
660 2299 839 2328 nostrorum
884 2296 1044 2328 Hucoms
1088 2296 1128 2327 de
1170 2294 1360 2326 Amnum
1401 2293 1546 2326 Junioris
1587 2293 1643 2336 qui
