1820 2548
1560 207 1641 238 1139

220 373 391 406 annuatim
410 373 445 405 in
470 372 560 405 festis
581 370 701 403 Pasche
726 373 757 402 et
781 369 891 402 Sancti
916 367 1112 400 M1anEL1s
1132 365 1345 408 percipiendis
1369 366 1409 396 de
1435 364 1596 396 anmco
1619 363 1685 395 filio

223 442 331 474 Pmm
357 442 513 474 WALTER
540 444 572 473 et
595 451 653 483 pro
684 439 814 472 servicio
841 442 873 470 et
902 437 1080 470 reversione
1107 435 1283 468 tenementi
1313 435 1390 466 dicti
1421 434 1575 466 Ermum
1601 433 1688 475 apud

223 511 441 544 LANHELEYN
464 510 499 542 in
522 510 616 542 feodo
638 509 678 541 de
698 508 894 540 LANDYMOR
918 518 980 549 que
1005 508 1076 549 post
1103 505 1226 538 obitum
1253 504 1398 547 ejusdem
1423 503 1578 535 HJ-:chr
1603 503 1689 534 dicto

226 579 385 612 Rommro
406 579 522 611 reverti
542 577 704 610 deberent.
751 576 823 611 Que
845 576 975 618 quidem
998 578 1068 607 octo
1089 585 1159 606 acre
1173 577 1256 605 terre
1275 584 1348 605 cum
1363 572 1565 615 pertinentiis
1580 571 1688 613 jacent

222 649 308 681 inter
325 648 466 680 rivulum
487 658 569 689 aque
588 647 628 678 de
651 645 774 678 Bmuw
793 646 827 677 in
843 648 933 687 parte
951 643 1071 676 boreali
1083 646 1114 675 et
1131 653 1333 675 communem
1348 642 1387 673 de
1409 641 1637 672 anrnrsnox
1656 640 1690 671 in

224 720 316 759 parte
339 716 471 749 australi
494 718 526 747 et
548 719 666 747 terram
694 714 857 745 Pmmrm
881 713 983 745 Dm-
1004 712 1037 744 in
1060 714 1150 753 parte
1169 710 1358 743 occidentali
1379 713 1410 742 et
1430 712 1548 742 terram
1569 709 1693 741 domini

227 785 342 817 Dum
372 785 412 816 de
442 783 495 815 LA
526 784 624 815 BEER
653 783 688 814 in
719 785 808 824 parte
846 781 1002 814 orientali.
1049 780 1248 812 Habendum
1279 783 1310 811 et
1340 779 1517 811 tenendum
1553 778 1696 820 predicta

226 856 411 886 tenementa
428 864 501 884 cum
521 851 723 894 pertinentiis
738 850 823 882 dicto
839 850 969 882 domino
992 849 1152 881 Ronnmo
1168 851 1200 880 et
1217 848 1381 880 ISOBELLE
1398 851 1430 880 et
1445 847 1615 879 heredibus
1630 847 1695 878 suis

228 923 268 954 de
284 921 466 963 corporibus
482 921 623 962 ipsorum
639 918 838 952 exeuntibus.
886 918 1076 950 Tenendum
1097 918 1136 948 de
1152 916 1341 959 capitalibus
1357 915 1495 948 dominis
1510 915 1594 947 feodi
1609 915 1696 946 iilius

228 1001 285 1033 per
306 989 438 1021 servicia
461 999 523 1030 que
544 988 585 1019 ad
604 987 661 1019 illa
682 990 867 1019 tenementa
888 987 1051 1028 pertinent
1072 985 1171 1018 libere
1192 985 1298 1027 quiete
1319 984 1399 1016 bene
1420 987 1452 1016 et
1473 984 1506 1015 in
1527 995 1605 1026 pace
1624 984 1697 1026 jure

231 1057 425 1090 hereditario
444 1057 679 1098 inperpetuum.
727 1055 772 1087 Et
791 1055 817 1087 si
838 1055 1005 1096 contingat
1025 1055 1111 1096 quod
1129 1053 1264 1096 predicti
1284 1053 1466 1085 Romanus
1481 1055 1513 1085 et
1531 1052 1698 1084 Isonnrm

232 1126 388 1159 obierient
414 1125 481 1157 sine
507 1124 677 1156 heredibus
703 1125 743 1156 de
768 1123 950 1166 corporibus
974 1123 1116 1165 ipsorum
1142 1122 1313 1164 procreatis
1339 1125 1417 1154 tuno
1440 1126 1511 1164 post
1535 1122 1699 1153 decessum

230 1195 448 1238 predictorum
472 1194 625 1226 ROBER'H
648 1196 679 1224 et
700 1192 864 1224 ISOBELLE
886 1192 1030 1234 predicta
1048 1193 1233 1223 tenementa
1255 1202 1328 1223 cum
1350 1190 1553 1232 pertinentiis
1575 1190 1700 1232 integre

231 1262 443 1296 remanebunt
473 1262 631 1294 JOHANNI
657 1261 696 1292 de
728 1260 864 1292 Pmums
895 1260 961 1292 fflio
985 1260 1119 1302 predicti
1144 1259 1299 1291 Ronmm
1326 1263 1357 1291 et
1384 1259 1505 1291 Boium
1536 1259 1699 1301 quondam

231 1333 340 1364 uxoris
354 1331 499 1373 ejusdem
516 1330 671 1362 Romam
687 1332 719 1361 et
734 1328 905 1360 heredibus
921 1328 986 1360 suis
1006 1329 1046 1360 de
1061 1339 1189 1370 corpore
1205 1339 1262 1360 suo
1282 1328 1462 1370 procreatis.
1510 1327 1700 1360 Tenendum

232 1401 273 1432 de
295 1399 485 1442 capitalibus
506 1398 646 1430 dominis
663 1397 751 1429 feodi
771 1397 859 1429 illius
877 1408 934 1438 per
955 1397 1086 1429 servicia
1106 1408 1168 1438 que
1189 1397 1230 1428 ad
1250 1397 1307 1428 illa
1324 1399 1508 1429 tenementa
1526 1397 1699 1438 pertinent.

234 1468 280 1500 Et
304 1468 330 1499 si
356 1468 523 1509 contingat
548 1467 634 1508 quod
659 1466 820 1508 predictus
844 1465 866 1498 J
869 1476 1028 1497 OHANNES
1052 1465 1165 1497 obierit
1192 1465 1260 1497 sine
1285 1465 1401 1497 herede
1428 1465 1468 1497 de
1490 1476 1619 1507 corpore
1645 1477 1701 1498 suo

233 1538 398 1578 procreato
425 1539 502 1567 tunc
526 1538 598 1577 post
623 1535 786 1566 decessum
810 1534 911 1576 ipsius
937 1533 959 1566 J
962 1544 1112 1565 OHANNIS
1135 1534 1278 1575 predicta
1300 1537 1485 1566 tenementa
1509 1545 1582 1566 cum
1604 1534 1701 1576 perti-

234 1604 354 1636 nentiis
383 1603 508 1645 integre
539 1602 752 1634 remanebunt
782 1602 936 1634 Rmfflno
967 1603 1006 1634 de
1033 1602 1170 1634 Pmums
1200 1602 1294 1634 fratri
1323 1602 1459 1644 predicti
1487 1602 1641 1634 Ronmm
1671 1605 1703 1635 et

235 1672 405 1705 heredibus
420 1671 570 1703 masculis
585 1672 624 1703 de
641 1682 768 1713 corpore
784 1682 841 1703 suo
856 1671 1036 1713 procreatis.
1097 1670 1289 1703 Tenendum
1305 1671 1344 1702 de
1361 1670 1550 1713 capitalibus
1565 1671 1703 1703 dominis

235 1741 323 1773 feodi
342 1740 429 1772 illius
448 1751 505 1782 per
528 1739 659 1771 servicia
679 1750 741 1781 que
762 1740 803 1771 ad
821 1739 878 1771 ina
897 1742 1084 1771 tenementa
1105 1739 1277 1782 pertinent.
1325 1739 1371 1770 Et
1393 1739 1419 1770 si
1435 1739 1603 1782 contingat
1617 1740 1703 1781 quod

236 1809 397 1853 predictus
419 1809 594 1841 Ricinncs
613 1808 726 1840 obierit
749 1808 816 1840 sine
835 1808 952 1840 herede
976 1808 1116 1840 masculo
1141 1809 1181 1840 de
1207 1819 1335 1850 corpore
1362 1819 1418 1839 suo
1441 1812 1604 1849 procreato
1626 1811 1703 1841 tunc

236 1880 308 1920 post
337 1878 501 1909 decessum
531 1876 631 1917 ipsius
662 1875 809 1908 chAnm
841 1876 984 1918 predicta
1020 1880 1205 1908 tenementa
1234 1887 1306 1908 cum
1342 1876 1548 1918 pertinenciis
1577 1877 1702 1920 integre

236 1945 448 1979 remanebunt
463 1944 485 1977 J
487 1955 621 1976 mmmm
637 1945 677 1976 de
694 1944 831 1976 Pmm-:s
846 1944 939 1976 fratri
955 1945 1089 1987 predicti
1105 1945 1253 1977 Rumam
1269 1948 1302 1977 et
1316 1944 1486 1977 heredibus
1501 1945 1650 1977 masculis
1665 1947 1704 1978 de

238 2025 366 2057 corpore
382 2025 438 2046 suo
454 2013 633 2055 procreatis.
681 2012 871 2045 Tenendum
887 2013 926 2044 de
942 2013 1131 2055 capitalibus
1146 2013 1284 2045 dominis
1299 2013 1385 2045 feodi·
1400 2013 1488 2045 illius
1503 2025 1559 2056 per
1575 2014 1705 2046 servicia

237 2094 300 2126 que
326 2083 368 2115 ad
391 2083 449 2114 illa
472 2084 657 2114 tenementa
681 2082 854 2124 pertinent.
901 2082 946 2114 Et
977 2083 1003 2114 si
1028 2082 1194 2124 contingat
1221 2082 1306 2124 quod
1332 2083 1494 2124 predictus
1523 2082 1706 2115 JOHANNBS

239 2151 353 2184 obierit
373 2151 441 2183 sine
464 2150 580 2182 herede
603 2150 643 2182 de
663 2161 792 2193 corpore
811 2162 868 2183 suo
891 2156 1054 2193 procreato
1074 2151 1214 2182 masculo
1235 2154 1312 2182 tunc
1332 2154 1403 2192 post
1424 2151 1586 2183 decessum
1608 2151 1708 2193 ipsius

239 2219 261 2252 J
264 2230 415 2252 cunnus
439 2219 583 2261 predicta
606 2221 791 2251 tenementa
813 2230 885 2251 cum
910 2219 1113 2261 pertinentiis
1139 2219 1264 2261 integre
1286 2219 1499 2251 remanebunt
1521 2219 1644 2251 Amen:
1667 2220 1707 2252 de

240 2287 427 2320 Lucanos
461 2287 559 2320 sorori
589 2287 722 2330 predicti
758 2287 780 2320 J
782 2298 932 2319 onAles
962 2290 994 2320 et
1025 2287 1195 2320 heredibus
1224 2287 1373 2320 masculis
1409 2288 1449 2319 de
1487 2299 1614 2330 corpore
1652 2299 1709 2320 suo
