1820 2548
1538 127 1600 158 969

176 286 346 319 heredibus
375 285 439 318 suis
468 296 525 328 per
554 284 733 327 predictum
764 282 932 315 servicium
963 285 999 314 ut
1029 282 1208 325 predictum
1238 284 1294 322 est,
1324 282 1406 314 bene
1436 285 1467 315 et
1500 283 1534 315 in
1565 295 1641 326 pace

176 355 274 388 libere
301 358 333 387 et
358 355 474 397 quiete,
502 354 628 396 integre
652 355 684 384 et
708 351 850 394 plenarie
877 353 909 383 et
933 351 1104 384 honorifice
1130 362 1203 384 cum
1222 351 1370 383 omnibus
1384 351 1586 384 libertatibus
1609 353 1641 384 et

177 424 286 457 liberis
309 422 591 456 consuetudinibus
615 422 680 454 suis
710 421 744 452 in
772 420 920 452 omnibus
945 420 1022 452 locis
1048 422 1079 452 et
1104 419 1252 452 omnibus
1278 420 1372 452 rebus
1401 421 1443 452 ad
1466 421 1642 463 predictam

175 496 294 525 terram
315 491 558 535 pertinentibus.
604 490 650 522 Et
670 489 803 532 protulit
828 492 948 521 cartam
964 489 1098 531 predicti
1116 489 1250 521 Domini
1265 489 1287 521 J
1289 500 1438 521 OHANNIS
1462 489 1563 532 Regis
1578 502 1639 533 que

176 562 235 595 hoo
257 562 343 594 idem
362 561 547 593 testabatur.
604 559 651 591 Et
680 559 764 591 dixit
795 559 880 600 quod
901 570 1010 590 omnes
1030 560 1240 591 antecessores
1261 558 1310 590 sui
1326 570 1345 590 a
1359 560 1502 601 tempore
1517 559 1640 592 confec-

174 630 271 663 tionis
292 632 375 662 carte
394 628 545 672 predicte,
561 630 594 660 et
611 627 757 660 similiter
779 627 914 669 ipsemet
935 629 1003 659 toto
1026 629 1168 669 tempore
1183 638 1239 659 suo
1250 626 1433 660 habuerunt
1447 627 1482 659 in
1496 628 1640 670 predicta

176 701 261 731 terra
276 699 315 730 de
333 697 462 730 Gowau
477 697 694 729 omnimodam
709 695 966 738 jurisdictionem
985 695 1126 738 regalem
1142 696 1182 728 de
1202 695 1386 728 tenentibus
1401 696 1545 739 ejusdem
1560 699 1643 730 terre

176 769 209 799 et
229 766 446 809 cognitionem
466 765 611 797 omnium
633 764 824 807 placitorum
839 764 874 796 in
899 764 985 796 dicta
999 766 1085 796 terra
1101 764 1375 807 qualitercumque
1396 765 1642 808 emergencium,

177 837 209 867 et
231 834 350 877 absque
370 833 430 866 hoo
445 834 531 876 quod
553 835 762 865 antecessores
786 832 886 874 ipsius
903 832 1090 866 WxLLi-:LMI
1107 843 1163 865 seu
1178 835 1324 865 tenentes
1339 833 1390 865 sui
1405 836 1487 866 terre
1503 834 1643 876 predicte

176 903 317 946 aliquam
343 906 460 935 sectam
487 902 528 934 ad
555 901 677 933 dictum
704 901 891 933 comitatum
918 901 1064 933 fecerunt
1088 912 1144 934 seu
1168 901 1263 934 alicui
1290 902 1324 933 in
1352 903 1463 934 eodem
1490 903 1643 935 comitatu

175 972 408 1014 responderunt
428 971 468 1003 de
489 982 523 1003 re
544 970 661 1012 aliqua,
685 972 717 1002 et
737 970 850 1001 eadem
865 969 1013 1002 libertate
1032 970 1081 1002 usi
1102 969 1236 1002 fuerunt
1255 970 1349 1013 plene
1369 973 1402 1003 et
1416 971 1542 1014 integre
1562 971 1643 1004 bene

174 1041 207 1071 et
220 1039 349 1082 pacifice
366 1038 485 1080 absque
501 1037 735 1080 interruptione
750 1038 859 1080 aliqua
880 1049 937 1080 per
957 1039 1077 1070 cartam
1100 1038 1276 1080 predictam
1298 1050 1463 1081 quousque
1483 1040 1646 1081 predictus

174 1108 370 1142 WAJm-:nus
386 1111 528 1150 tempore
552 1118 608 1139 suo
631 1118 693 1149 quo
715 1106 780 1139 fuit
800 1106 985 1140 Vicecomes
1008 1107 1177 1139 comitatus
1199 1107 1334 1150 predicti
1356 1109 1396 1140 de
1419 1107 1642 1141 KERMERDYN

172 1177 279 1219 ipsum
298 1176 524 1210 WILLELMUM
551 1176 696 1207 homines
719 1178 752 1207 et
775 1177 921 1207 tenentes
945 1175 1069 1217 prefate
1096 1178 1179 1208 terre
1202 1187 1258 1208 sue
1282 1177 1322 1208 de
1347 1176 1477 1209 Gowmz
1499 1177 1644 1220 graviter

175 1245 340 1278 distrinxit
351 1248 383 1277 et
395 1244 617 1287 multipliciter
628 1243 821 1286 inquietavit
835 1244 876 1275 ad
887 1246 1004 1276 sectam
1021 1244 1202 1276 faciendam
1214 1245 1255 1276 ad
1268 1244 1455 1277 comitatum
1464 1246 1644 1288 predictum

175 1316 207 1345 et
228 1314 270 1345 ad
292 1313 549 1356 respondendum
571 1313 606 1344 in
626 1313 737 1345 eodem
760 1313 915 1345 comitatu
936 1312 1187 1355 quibuscumque
1208 1313 1248 1345 de
1266 1313 1343 1355 ipsis
1364 1314 1639 1356 conquerentibus.

173 1381 322 1414 Preterea
340 1381 423 1413 dixit
443 1382 528 1424 quod
550 1381 759 1414 WILLELMUS
782 1382 821 1413 de
845 1381 1004 1413 BREOUSE
1026 1383 1117 1424 pater
1135 1392 1210 1413 suus
1231 1383 1263 1414 et
1285 1381 1378 1424 cujus
1398 1381 1489 1414 heres
1503 1382 1571 1424 ipse
1593 1387 1640 1415 est

173 1449 252 1482 obiit
267 1450 392 1482 seisitus
408 1451 447 1482 de
468 1451 580 1482 eadem
594 1450 816 1493 jurisdictione
839 1450 941 1493 regali
964 1450 999 1482 in
1022 1450 1165 1492 predicta
1187 1452 1271 1482 terra
1287 1452 1319 1482 et
1341 1450 1459 1493 absque
1480 1451 1538 1484 hoo
1554 1452 1640 1494 quod

173 1518 239 1561 ipse
254 1517 470 1551 W1LLELMUS
484 1521 575 1561 pater
590 1530 665 1551 suus
680 1521 736 1551 aut
751 1520 896 1551 tenentes
911 1518 961 1551 sui
976 1521 1118 1561 tempore
1134 1530 1190 1551 suo
1206 1519 1348 1561 aliquam
1362 1521 1482 1551 sectam
1494 1519 1639 1552 fecerunt

173 1586 214 1618 ad
236 1586 423 1618 comitatum
438 1586 616 1629 predictum
638 1589 694 1619 aut
709 1587 744 1619 in
765 1587 876 1619 eodem
897 1587 992 1619 alicui
1014 1588 1247 1630 responderunt
1262 1590 1293 1619 et
1309 1588 1395 1630 quod
1411 1588 1477 1630 ipse
1493 1588 1639 1621 successit

174 1654 278 1686 eidem
298 1654 333 1685 in
356 1654 467 1686 eadem
489 1656 574 1686 terra
594 1657 625 1687 et
649 1655 797 1687 similiter
818 1655 853 1687 in
877 1656 987 1687 eadem
1009 1655 1157 1688 libertate
1180 1657 1217 1688 ut
1239 1655 1324 1688 filius
1346 1656 1417 1699 ejus
1438 1658 1469 1688 et
1491 1656 1591 1696 heres,
1607 1659 1639 1690 et

173 1723 265 1765 petiit
282 1723 368 1764 quod
389 1722 457 1754 sine
480 1722 574 1755 breve
599 1735 664 1755 non
685 1723 814 1756 deberet
829 1724 904 1756 inde
927 1725 1117 1767 respondere
1137 1736 1177 1756 ex
1200 1735 1262 1766 quo
1278 1727 1455 1757 antecessor
1470 1736 1545 1758 suus
1561 1725 1640 1758 obiit

173 1791 299 1823 seisitus
314 1791 353 1823 de
369 1791 480 1823 eadem
495 1791 651 1831 libertate,
668 1795 726 1824 etc.
772 1792 819 1824 Et
844 1793 919 1834 quia
940 1793 1100 1835 predictus
1116 1793 1331 1826 WniLELMUS
1351 1793 1386 1825 in
1401 1793 1559 1836 peticione
1581 1806 1638 1826 sua

172 1870 270 1901 quam
285 1859 385 1902 gratis
401 1859 542 1902 porrexit
557 1860 640 1892 dixit
655 1872 686 1892 se
702 1860 801 1893 talem
816 1861 998 1894 libertatem
1013 1861 1130 1894 habere
1145 1873 1201 1904 per
1213 1864 1334 1893 cartam
1350 1861 1451 1904 Regis
1462 1863 1637 1904 predictam

172 1930 205 1960 et
220 1938 313 1970 super
335 1927 394 1960 hoc
410 1928 544 1960 eandem
560 1931 679 1961 cartam
695 1929 835 1972 porrexit
857 1941 914 1972 pro
930 1930 1025 1962 titulo
1041 1933 1073 1962 et
1095 1930 1167 1973 jure
1188 1942 1245 1963 suo
1265 1930 1422 1962 libertatis
1438 1931 1582 1973 ejusdem
1606 1935 1637 1964 et

173 1996 217 2028 sie
233 1995 437 2038 pl[ac]itavit
456 1997 565 2039 gratis.
612 1996 659 2029 Et
673 1997 791 2040 absque
810 1997 992 2030 cohercione
1008 1998 1116 2040 aliqua
1131 2009 1225 2041 super
1235 1999 1308 2040 jure
1325 2001 1356 2030 et
1371 1998 1466 2030 titulo
1482 1999 1639 2032 libertatis

171 2063 321 2106 predicte,
345 2063 513 2096 videbatur
536 2065 666 2097 consilio
688 2066 810 2098 domini
834 2065 935 2109 Regis
957 2067 1042 2109 quod
1066 2067 1105 2098 de
1128 2067 1278 2108 predictis
1297 2067 1555 2109 responsionibus
1576 2068 1640 2100 suis

169 2132 310 2164 resortiri
333 2143 397 2164 non
421 2133 526 2175 potuit
549 2145 606 2166 nec
629 2134 670 2166 ad
693 2133 787 2166 breve
811 2135 850 2166 de
873 2135 1067 2177 possessione
1090 2135 1166 2177 poni
1189 2134 1318 2167 deberet
1341 2146 1381 2167 ex
1404 2147 1466 2178 quo
1490 2136 1578 2178 prius
1604 2137 1638 2168 in

169 2200 241 2242 jure
261 2201 424 2242 respondit
447 2204 479 2233 et
502 2201 635 2234 titulum
656 2202 705 2234 sui
727 2201 809 2244 juris
831 2203 983 2245 porrexit,
1004 2205 1134 2246 propter
1157 2203 1243 2245 quod
1266 2203 1388 2235 dictum
1411 2203 1475 2236 fuit
1498 2205 1640 2246 predicto

322 2306 387 2332 §w
