1820 2548
1511 192 1594 222 1013

173 347 319 390 praedicti
341 347 375 379 in
399 346 554 389 principio
577 346 750 378 vacationis
773 346 928 388 ejusdem,
953 346 1115 387 quandam
1138 345 1314 387 simplicem
1337 345 1484 377 seisinam
1509 347 1638 379 nomine

172 416 273 448 nostri
289 415 423 447 dominii
439 414 536 457 Regii
552 414 665 456 capiat,
683 417 714 446 et
730 425 767 446 ea
783 414 826 446 sic
842 416 934 456 capta
950 414 1059 446 statim
1076 413 1192 445 exinde
1206 414 1333 445 recedat
1349 413 1466 455 absque
1482 414 1637 447 fidelitate

172 495 228 517 seu
246 484 462 526 recognitione
482 483 523 515 ab
538 483 645 525 aliquo
660 484 790 514 tenente
810 482 889 514 dicti
904 482 1104 524 episcopatus
1118 482 1169 513 vel
1185 482 1292 524 aliquo
1313 482 1376 514 alio
1391 482 1466 514 inde
1482 483 1635 524 capiendo

173 564 230 585 seu
252 553 350 584 etiam
373 552 574 595 asportando.
622 551 676 583 Ita
698 551 784 593 quod
806 551 892 582 ultra
915 562 1017 582 uuum
1040 551 1124 582 diem
1148 551 1308 583 occasione
1331 551 1454 583 seisinae
1477 551 1638 593 praedictae

174 632 297 653 moram
312 620 358 653 ibi
373 632 438 652 non
453 620 560 659 faciet,
576 631 635 652 nec
650 620 790 661 aliquem
806 619 927 651 ibidem
943 619 1116 652 substituat
1131 619 1200 651 loco
1223 619 1282 651 sui.
1328 619 1488 651 Volumus
1509 620 1640 662 insuper

175 692 207 721 et
227 689 429 721 concedimus
451 700 508 731 pro
529 688 621 721 nobis
643 690 677 720 et
695 688 876 720 haeredibus
896 688 1022 727 nostris,
1038 688 1124 730 quod
1146 688 1172 720 si
1195 699 1252 719 nos
1275 688 1409 719 forsitan
1424 689 1474 720 vel
1497 688 1639 720 haeredes

175 758 286 796 nostri,
311 757 366 799 qui
393 761 535 800 tempore
557 757 732 789 vacationis
759 757 956 799 episcopatus
982 756 1116 798 predicti
1143 756 1317 788 exercitum
1339 759 1485 788 nostrum
1506 757 1640 789 fecimus

176 826 372 858 summoneri
399 826 577 868 predictum
605 826 792 868 capitulum,
818 828 848 857 et
877 836 1066 857 successores
1091 825 1150 864 sui,
1177 825 1217 856 de
1241 825 1403 867 praedictis
1432 826 1582 857 dominiis
1608 828 1640 857 et

176 894 279 926 feodis
302 894 444 926 militum
467 894 664 936 episcopatus
687 894 774 925 iffius
796 894 831 925 in
846 893 996 926 manibus
1011 894 1111 936 ipsius
1126 894 1258 935 capituli
1273 897 1350 925 tunc
1366 894 1577 926 existentibus
1599 895 1641 926 ad

175 963 343 994 servicium
365 962 400 994 in
421 963 533 994 eodem
553 963 695 994 exercitu
717 962 902 994 faciendum
926 963 1070 994 immune
1088 964 1261 994 teneantur
1284 973 1342 994 nec
1367 962 1528 994 occasione
1554 963 1641 994 illius

173 1031 382 1063 molestentur
402 1032 437 1063 in
460 1031 567 1073 aliquo
588 1042 644 1063 seu
664 1032 848 1073 graventur,
867 1031 922 1062 sed
937 1031 1012 1062 inde
1028 1031 1157 1072 penitus
1173 1031 1236 1062 sint
1253 1031 1363 1072 quieti.
1411 1030 1517 1063 Salvis
1532 1034 1640 1063 tamen

174 1099 266 1131 nobis
282 1102 314 1132 et
339 1099 509 1131 heredibus
524 1100 640 1132 nostris
661 1099 799 1131 serviciis
815 1100 854 1131 de
869 1099 971 1131 feodis
983 1099 1135 1138 militum,
1152 1099 1178 1131 si
1193 1110 1266 1141 quae
1281 1101 1453 1131 teneantur
1468 1100 1507 1131 de
1524 1100 1642 1141 episco-

174 1170 254 1210 patu
281 1168 442 1210 praedictis
467 1167 665 1210 temporibus
691 1169 893 1200 vacationum
920 1167 1075 1209 ejusdem,
1104 1170 1135 1199 et
1162 1168 1203 1199 ad
1230 1179 1288 1199 nos
1311 1168 1494 1210 pertineant
1519 1169 1643 1201 ratione

176 1236 333 1268 exercitus
355 1236 500 1278 predicti.
546 1235 642 1267 Salva
658 1236 755 1268 etiam
778 1235 870 1268 nobis
893 1240 924 1268 et
946 1235 1116 1267 heredibus
1138 1235 1255 1268 nostris
1277 1236 1421 1268 custodia
1436 1238 1594 1268 terrarum
1611 1238 1643 1268 et

176 1306 432 1336 tenementorum
462 1316 518 1336 seu
546 1305 744 1343 reddituum,
772 1305 798 1336 si
826 1316 903 1346 quos
931 1304 1068 1346 episcopi
1095 1304 1156 1336 loci
1181 1304 1268 1336 illius
1297 1305 1332 1336 in
1363 1305 1457 1337 feodo
1488 1316 1528 1336 ex
1558 1316 1645 1336 nunc

175 1372 397 1414 adquisienmt
421 1384 477 1415 per
501 1375 681 1412 escaetores‚
706 1384 761 1405 seu
786 1373 865 1405 alios
888 1373 1049 1405 ministros
1076 1375 1199 1405 nostros
1222 1374 1441 1416 episcopatum
1463 1373 1643 1415 predictum

174 1440 344 1472 retinendi.
402 1441 457 1473 Ita
482 1443 591 1473 tamen
619 1442 704 1483 quod
727 1441 852 1473 ratione
880 1441 1031 1473 custodiae
1059 1443 1217 1473 terrarum
1243 1444 1275 1473 et
1299 1444 1558 1474 tenementorum
1587 1453 1643 1474 seu

176 1509 349 1548 redditum,
364 1509 552 1551 hujusmodi
575 1509 740 1541 escaetoris
763 1521 818 1541 seu
841 1510 923 1541 alius
945 1510 1086 1541 ministri
1108 1510 1209 1542 nostri
1225 1511 1276 1542 vel
1290 1509 1445 1542 heredum
1462 1513 1643 1542 nostrorum

178 1577 394 1619 episcopatum
416 1579 605 1620 praedictum
627 1578 813 1610 nullatenus
834 1578 1047 1620 ingrediatur,
1063 1589 1121 1610 nec
1143 1579 1183 1610 de
1206 1579 1389 1621 episcopatu
1411 1579 1566 1621 praedicto
1588 1591 1643 1611 seu

177 1645 338 1688 aliquibus
353 1647 394 1678 ad
409 1658 483 1678 eum
498 1658 585 1678 nuno
598 1647 833 1689 pertinentibus
850 1658 882 1679 se
898 1647 1094 1679 intromittat
1112 1647 1206 1678 aliter
1227 1659 1323 1689 quam
1345 1647 1380 1679 in
1403 1647 1509 1679 forma
1531 1659 1640 1689 supra-

176 1714 269 1746 dicta.
317 1714 359 1746 In
375 1714 476 1756 cujus,
493 1717 552 1746 etc.

218 1781 313 1814 Teste
349 1782 440 1825 Rege
479 1784 565 1825 apud
601 1783 951 1816 WESTMONASTERIUM
991 1785 1011 1816 4
1049 1785 1100 1816 die
1135 1784 1248 1817 Martii
1284 1796 1341 1827 per
1370 1785 1476 1826 ipsum
1515 1784 1640 1827 Regem

172 1851 346 1883 nunciante
361 1852 514 1894 magistro
531 1851 596 1884 ΤΗ.
613 1852 653 1884 de
669 1851 887 1884 CHARLETON.
