1820 2548
201 212 284 243 1156

151 378 285 400 eeaeores
314 368 472 400 dictorum
505 368 629 401 abbatis
659 372 690 400 et
716 374 890 401 conventus
920 369 1033 402 seissiti
1062 369 1194 402 fuerunt
1218 371 1258 402 de
1287 370 1435 403 omnibus
1463 371 1555 403 terris
1580 374 1614 404 et

152 436 343 468 tenementis
357 447 414 478 per
429 436 547 468 diuisas
563 439 594 468 et
611 436 732 468 bondas
747 437 781 468 in
797 448 906 469 eorum
921 437 1077 479 peticione
1092 441 1257 470 contentas
1271 438 1311 470 de
1326 439 1410 471 dono
1433 441 1465 470 et
1487 450 1610 472 conoes-

152 504 239 536 sione
254 504 376 536 domini
392 503 579 536 Winmzmu
596 505 758 547 quondam
773 505 896 537 comitis
919 505 1151 538 Gnoucnsmm
1182 511 1214 538 et
1237 506 1387 538 MORGAN
1406 518 1447 549 ap
1470 506 1613 540 Crunos(

152 574 314 614 quondam
340 573 461 605 domiui
488 574 528 605 de
552 574 678 605 AUENE
704 573 737 605 in
768 585 890 616 puram,
922 574 1054 606 liberam
1085 576 1117 606 et
1146 577 1331 616 perpetuam
1361 575 1567 608 elemosinam
1592 587 1612 608 a

153 641 349 673 confectione
365 645 523 673 cartarum
538 642 695 673 dictorum
711 642 833 673 domini
849 641 1036 674 WILLELMI
1052 643 1175 674 comitis
1185 646 1216 674 et
1229 642 1395 675 Monam
1407 654 1448 686 ap
1461 643 1612 684 (hunolt,

152 721 214 751 que
233 709 362 751 quidem
383 712 467 741 carte
491 721 556 741 una
579 721 650 742 cum
674 710 969 742 confirmacionibus
991 711 1193 743 dominorum
1215 710 1237 743 J
1239 721 1389 743 onANms
1410 714 1442 743 et
1457 711 1613 745 Hnnmm

151 778 313 819 quondam
330 777 460 819 Regum
475 778 614 809 Axenus
631 781 661 809 et
677 778 800 809 domini
821 777 988 810 Glmmnm
1005 779 1166 820 quondam
1189 779 1314 811 comitis
1331 779 1562 812 Gnoucasmm
1577 781 1612 813 in

149 846 244 887 pleno
260 845 412 878 comitatu
428 846 568 887 predicto
584 848 707 878 ostense
724 846 854 879 fuerunt
867 872 873 878 .
888 858 1050 889 quousque
1066 847 1213 879 dominus
1230 847 1423 880 Ginfflssvws
1439 848 1478 880 de
1490 847 1606 881 OLARR

148 914 311 956 quondam
335 924 437 945 comes
465 913 697 945 Grovcsssmm
722 918 812 956 pater
839 915 922 946 dicte
948 915 1076 946 domine
1100 915 1280 947 Ammona
1308 941 1314 947 .
1346 916 1430 958 ipsos
1456 917 1495 948 de
1519 916 1618 949 dietis,

149 982 241 1013 terris
265 984 297 1013 et
324 982 514 1013 tenementis
538 993 594 1024 per
618 982 871 1024 procurationem
892 986 923 1014 et
942 982 1086 1014 abettum
1110 982 1285 1015 Srmmm
1311 983 1350 1015 de
1374 983 1558 1016 CAPENORA
1579 987 1612 1018 et

149 1050 285 1081 aliorum
315 1049 533 1081 ministrorum
564 1050 641 1081 dicti
671 1050 794 1082 comitis
830 1050 950 1092 injuste
980 1053 1012 1082 et
1041 1051 1109 1083 sine
1145 1050 1266 1093 judicio
1297 1051 1475 1083 voluntarie
1506 1051 1610 1094 ejecit.

148 1117 194 1150 Et
218 1117 378 1159 quesitum
405 1117 469 1149 fuit
495 1129 552 1159 per
575 1118 753 1160 predictum
781 1119 997 1150 vicecomitem
1023 1130 1086 1160 qua
1105 1119 1145 1150 de
1166 1130 1260 1150 causa
1280 1119 1383 1151 dictus
1405 1130 1508 1151 comes
1528 1120 1614 1162 ipsos

148 1186 251 1228 ejecit,
277 1187 333 1228 qui
364 1186 485 1224 dicunt,
518 1197 554 1217 eo
584 1187 670 1228 quod
700 1187 861 1219 affectavit
891 1187 991 1219 dictas
1020 1190 1120 1219 terras
1149 1190 1181 1219 et
1211 1190 1393 1219 tenemento.
1420 1188 1610 1221 afforestare.

147 1254 193 1286 Et
208 1254 342 1286 ulterius
357 1254 517 1296 quesitum
534 1254 596 1286 fuit
613 1255 639 1286 si
655 1255 759 1286 dictus
781 1254 877 1287 abbas
898 1258 930 1286 et
951 1258 1123 1287 conventus
1143 1255 1265 1296 aliquid
1287 1255 1469 1287 habuerunt
1483 1255 1518 1287 in
1533 1256 1611 1288 allo-

148 1323 272 1354 cacione
289 1322 446 1354 dictarum
463 1326 628 1361 terrarum,
646 1323 700 1364 qui
716 1323 827 1355 dicunt
843 1324 927 1365 quod
949 1323 1053 1355 dictus
1073 1323 1265 1355 GILBERTUS
1281 1325 1371 1364 pater
1386 1324 1469 1356 dicte
1484 1325 1612 1357 domine

147 1391 327 1423 Amanum-2
352 1390 436 1432 ipsos
458 1391 498 1422 de
521 1391 613 1422 dictis
637 1391 729 1422 terris
750 1394 781 1423 et
803 1391 874 1423 aliis
897 1391 1000 1433 ejecit,
1018 1391 1163 1423 videlieet
1184 1392 1223 1422 de
1239 1392 1377 1433 grangia
1399 1403 1460 1433 que
1477 1395 1610 1425 vocatur

148 1458 447 1492 TERRIESGRANGE,
473 1470 568 1500 quam
593 1459 773 1491 habuerunt
799 1460 838 1491 de
865 1460 948 1491 dono
974 1459 1095 1491 domini
1121 1459 1273 1491 Romam
1299 1460 1460 1501 quondam
1487 1461 1611 1493 comitis

153 1527 386 1559 Gnoccnsrmr:
402 1531 434 1559 et
450 1527 611 1559 MABILLE
634 1528 741 1559 uxoris
766 1539 830 1567 sue,
848 1528 887 1559 de
904 1529 1040 1570 grangia
1063 1528 1097 1559 in
1112 1527 1216 1559 Monl
1239 1528 1334 1570 juxta
1357 1527 1506 1568 KERDIF,
1522 1541 1620 1571 quam

152 1596 334 1627 habueruut
358 1597 397 1627 de
420 1596 504 1627 dono
528 1596 650 1627 domini
674 1596 827 1627 Hssxmm
852 1597 1015 1638 quondam
1038 1595 1279 1628 LANDAVENSIS
1299 1596 1437 1638 episcopi
1452 1597 1615 1630 reddendo

151 1664 226 1696 inde
242 1675 298 1706 per
313 1675 435 1695 annum
451 1663 596 1706 episcopo
612 1663 835 1696 LANDAvnssI
859 1675 926 1696 ιω.
945 1665 1070 1703 solidos,
1087 1668 1119 1696 et
1135 1665 1174 1695 de
1190 1675 1359 1696 communa
1374 1669 1501 1706 pastura
1517 1676 1614 1707 quam

152 1743 225 1763 oum
251 1731 321 1763 aliis
343 1731 450 1763 liberis
473 1731 559 1763 illius
582 1732 684 1773 patrie
711 1731 893 1763 habuerunt
916 1732 950 1764 in
977 1731 1239 1764 KEUENCRIBUR.
1286 1731 1331 1764 Et
1357 1732 1442 1764 idem
1466 1733 1615 1766 dominus

154 1800 349 1832 Gxnssssm‘cs
370 1802 537 1841 postquam
562 1800 619 1832 hec
642 1800 766 1832 fecisset
790 1800 937 1833 liberavit
960 1800 1053 1832 dictis
1076 1800 1185 1832 abbati
1208 1804 1238 1832 et
1262 1801 1432 1833 conventui
1459 1802 1616 1843 predictas

155 1872 255 1901 terras
280 1868 482 1910 subscriptas,
510 1868 658 1901 videlicet
684 1868 974 1901 TERRIESGRANGE
1001 1872 1032 1901 et
1057 1869 1301 1901 MOREGRANGE
1328 1872 1360 1901 et
1386 1874 1550 1911 pasturam
1575 1871 1615 1903 de

156 1937 409 1968 KEUENCRIBUR
439 1938 594 1969 tenendas
623 1937 658 1969 in
689 1937 831 1980 seperali,
863 1942 895 1969 et
925 1938 1058 1969 tradidit
1088 1938 1207 1970 eisdem
1237 1937 1345 1970 abbati
1375 1941 1407 1970 et
1444 1939 1616 1972 conventui

155 2005 377 2037 molendinum
403 2005 443 2036 de
471 2004 640 2036 Knxssrm
662 2031 668 2036 .
692 2006 854 2037 reddendo
881 2005 941 2038 sibi
966 2008 998 2037 et
1025 2005 1194 2037 heredibus
1229 2006 1293 2037 suis
1320 2008 1390 2038 octo
1414 2017 1536 2039 mareas
1558 2019 1617 2050 per

156 2083 278 2105 annum
293 2083 350 2114 pro
366 2072 450 2104 dicto
467 2073 659 2105 molendino.
705 2073 749 2105 Et
766 2073 808 2105 sic
831 2084 940 2105 omnes
963 2076 1063 2105 terras
1086 2073 1119 2105 in
1143 2084 1252 2105 eorum
1274 2073 1431 2115 peticione
1453 2077 1617 2109 contentae

156 2152 252 2183 penes
276 2151 308 2172 se
330 2140 472 2172 retinuit.
520 2140 565 2173 Et
586 2142 745 2183 quesitum
766 2141 828 2173 fuit
849 2141 983 2174 ulterius
1004 2141 1030 2173 si
1049 2142 1134 2183 quod
1153 2141 1275 2173 factum
1296 2142 1347 2173 vel
1367 2143 1553 2184 composicio
1576 2144 1616 2176 de

155 2209 273 2242 eisdem
289 2208 380 2239 terris
396 2208 480 2240 inter
495 2209 616 2241 dictum
632 2210 798 2241 dominnm
814 2209 960 2241 comitem
977 2209 1124 2241 abbatem
1136 2212 1168 2241 et
1178 2212 1369 2241 conventum
1385 2210 1470 2242 facta
1484 2211 1616 2252 fuerint,

154 2277 210 2319 qui
235 2277 346 2308 dicunt
369 2278 454 2318 quod
481 2278 617 2319 quedam
643 2278 830 2320 composicio
855 2278 940 2310 facta
960 2278 1033 2317 fuit,
1060 2281 1107 2309 set
1130 2279 1259 2309 omnino
1281 2280 1390 2310 contra
1415 2279 1613 2313 voluntatem
