1820 2548
1481 179 1562 210 1021

145 336 186 368 de
200 336 246 368 les
261 336 327 368 ditz
342 336 436 368 relefs
451 336 527 368 auxi
543 346 629 367 come
645 345 763 366 mesme
779 334 872 375 celuy
887 333 1055 366 Wmmn
1070 336 1123 366 ust
1138 333 1199 365 fait
1215 334 1274 375 fyn
1292 345 1333 366 au
1349 334 1413 366 Roi
1428 346 1488 376 pur
1504 337 1610 366 autres

147 403 264 436 choses.
311 404 376 436 Par
391 404 465 446 quoi
480 404 510 436 le
525 404 573 436 dit
589 402 758 436 WILLIAM
773 403 842 445 prie
858 403 996 434 remedie
1013 403 1052 434 de
1068 405 1149 434 ceste
1165 403 1304 441 duresce,
1321 404 1378 434 etc.

194 473 366 512 Responsio.
401 472 603 514 Responsum
613 474 670 510 est,
681 474 739 503 ete.
779 471 956 503 Mandetur
967 471 1164 502 thesaurario
1179 473 1211 502 et
1225 470 1398 503 baronibus
1410 471 1450 502 de
1461 471 1614 502 scaccario

149 541 235 582 quod
258 541 450 573 demandam
473 540 549 582 poni
572 540 692 572 faciant
715 539 749 571 in
779 541 957 581 respectum
980 550 1080 581 usque
1103 539 1286 581 proximum
1309 539 1558 581 parliamentum
1581 542 1613 571 et

149 608 279 641 interim
303 611 424 641 cessent
446 608 665 640 districtiones.
713 607 758 639 Et
781 610 859 639 tunc
882 607 1072 639 discutiatur
1095 607 1121 638 si
1144 607 1274 649 Regina
1288 607 1322 639 in
1339 618 1413 639 casu
1428 607 1484 639 illo
1499 607 1615 640 habere

151 676 266 709 debeat
281 688 395 709 aurum
412 687 514 708 suum.

195 744 275 767 When
291 752 305 767 a
322 745 370 767 fine
381 751 407 767 or
418 744 550 773 voluntary
566 744 606 766 aid
618 751 667 766 was
684 744 753 766 made
770 746 796 766 to
812 744 854 766 the
870 743 945 772 King,
961 745 1009 766 and
1020 751 1070 773 any
1086 744 1174 766 favour
1185 751 1234 766 was
1247 744 1350 772 granted
1367 746 1393 766 to
1409 744 1451 766 the
1467 744 1551 771 donor,
1562 744 1604 766 the

160 786 243 814 Queen
255 786 359 809 Consort
372 794 422 808 was
433 786 536 809 entitled
547 789 574 809 to
585 786 720 813 one-tenth,
733 786 777 807 but
791 786 815 808 in
827 793 911 808 excess
922 786 947 808 of
964 786 1006 808 the
1018 793 1078 808 sum.

777 972 1002 1006 DCCCLXV.

155 1053 317 1087 GRANT
344 1054 410 1086 BY
435 1054 656 1087 WILLIAM
682 1054 747 1086 DE
774 1053 1089 1092 BREUWOUSA‚
1118 1053 1244 1086 LORD
1272 1054 1331 1086 OF
1356 1054 1623 1094 LANDIMOR,

265 1122 354 1155 SON
384 1122 486 1155 AND
517 1123 640 1155 HEIR
672 1123 731 1155 OF
761 1122 838 1155 SIR
868 1122 1090 1156 WLLIAM
1121 1122 1185 1154 DE
1218 1122 1533 1162 BREUWOUSA,
1566 1123 1624 1156 ΤΟ

266 1191 343 1224 SIR
373 1191 562 1224 ROBERT
593 1192 657 1224 DE
689 1191 883 1231 PENRES,
911 1191 1032 1231 KNT.,
1065 1191 1124 1224 OF
1154 1191 1286 1224 LAND
1317 1192 1371 1224 IN
1403 1191 1501 1224 THE
1533 1192 1626 1224 FEE

267 1260 327 1292 OF
356 1260 622 1293 LANDIMOR.

698 1329 873 1372 [MARGAM
898 1328 1088 1371 CHARTER]

879 1411 919 1442 14
934 1410 1014 1443 (ΠΝ.
1063 1410 1262 1443 8Enw.11.
1310 1411 1405 1442 1314.
1448 1410 1580 1453 [1315]

203 1490 313 1523 Sciant
327 1494 489 1533 presentes
505 1496 536 1523 et
552 1491 655 1523 futuri
671 1492 756 1534 quod
777 1502 838 1534 ego
854 1491 1069 1524 WILLELMUS
1085 1492 1124 1523 (16
1143 1491 1397 1535 ΒΒΕσΨοῦε[Α]
1417 1492 1567 1524 dominus
1587 1493 1628 1524 de

158 1558 347 1591 LANDIMOR
365 1559 450 1591 fi1ius
471 1562 502 1591 et
521 1559 611 1592 heres
630 1560 753 1592 domini
770 1560 958 1592 WILLELM1
975 1561 1014 1592 de
1030 1560 1260 1603 Bmzuwosfix]
1278 1561 1354 1592 dedi
1369 1561 1506 1593 concessi
1522 1563 1554 1592 et
1568 1560 1628 1593 hae

159 1628 299 1670 presenti
315 1631 402 1659 carta
417 1639 488 1659 mea
503 1628 688 1660 confirmavi
704 1628 834 1661 domino
850 1628 1012 1660 Romam-0
1027 1630 1067 1661 de
1083 1629 1221 1661 PENRES
1236 1629 1334 1661 mih’ti
1345 1641 1444 1661 unam
1460 1630 1628 1661 dimidiam

159 1707 265 1728 acram
288 1698 371 1728 terre
394 1707 466 1728 cum
488 1696 692 1738 pertinentiis
713 1698 748 1729 in
772 1697 995 1729 Pmnvan
1018 1697 1052 1729 in
1076 1698 1170 1730 feodo
1193 1699 1233 1729 de
1255 1697 1444 1730 LANDIMOR
1466 1710 1528 1740 que
1543 1699 1628 1741 jacet

159 1765 244 1797 inter
264 1765 437 1807 quamdam
452 1767 570 1796 terram
590 1776 651 1807 que
670 1768 800 1797 vocatur
823 1765 965 1797 Gouoou
987 1766 1021 1797 in
1041 1768 1132 1808 parte
1151 1766 1299 1798 orientali
1320 1769 1351 1798 et
1370 1770 1488 1799 terram
1511 1766 1628 1798 DAvm

161 1833 234 1866 Con
250 1834 283 1865 in
299 1836 389 1875 parte
405 1833 593 1865 occidentali
609 1837 641 1865 et
664 1835 809 1866 extendit
826 1846 857 1866 se
873 1846 892 1866 a
907 1835 959 1866 via
974 1835 1076 1877 regali
1098 1835 1233 1867 ducente
1255 1836 1294 1867 de
1315 1835 1503 1867 LANmMOR
1519 1847 1627 1868 versus

160 1902 377 1934 LANGENYTH
397 1902 432 1934 in
450 1905 540 1944 parte
561 1902 675 1935 boriali
697 1914 797 1944 usque
819 1904 860 1934 ad
879 1906 997 1935 terram
1013 1904 1091 1935 dicti
1106 1903 1220 1936 DAvm
1237 1903 1311 1935 Con
1326 1904 1360 1935 in
1376 1907 1466 1946 parte
1483 1904 1625 1936 australi.

160 1970 361 2003 Habendum
379 1974 411 2002 et
426 1971 602 2003 tenendum
621 1971 739 2003 dictam
754 1972 924 2003 dimidiam
944 1983 1050 2004 acram
1069 1975 1152 2005 terre
1168 1984 1241 2005 cum
1255 1972 1458 2015 pertinentiis
1474 1973 1513 2004 dc
1528 1984 1579 2004 me
1595 1975 1627 2005 et

160 2039 331 2072 heredibus
353 2039 432 2071 meis
454 2042 487 2071 et
506 2040 678 2082 assignatis
699 2040 784 2072 dicto
805 2041 935 2072 domino
955 2041 1115 2072 RanRro
1136 2040 1306 2073 heredibus
1327 2041 1392 2073 suis
1410 2044 1442 2072 et
1457 2041 1628 2083 assignatis

160 2108 260 2140 libere
290 2108 396 2150 quiete
426 2108 506 2140 bene
537 2108 666 2150 pacifice
695 2109 768 2151 jure
799 2109 991 2141 hereditario
1022 2110 1055 2141 in
1086 2112 1287 2152 perpetuum.
1334 2109 1513 2142 Reddendo
1551 2110 1626 2142 inde

161 2177 329 2209 annuatim
355 2176 453 2209 miehi
477 2179 509 2209 et
535 2176 706 2210 heredibus
729 2177 809 2210 meis
833 2180 865 2209 et
892 2178 1062 2220 assignatis
1089 2179 1193 2210 dietus
1214 2178 1363 2211 dominus
1390 2178 1570 2211 Roannrus
1593 2181 1626 2211 et

160 2244 292 2277 heredes
315 2245 364 2277 sui
384 2249 417 2277 et
439 2245 594 2288 assignati
616 2256 715 2278 unam
736 2257 840 2278 rosam
862 2246 888 2278 si
911 2246 1012 2288 petita
1034 2246 1133 2279 fuerit
1155 2247 1190 2279 in
1213 2246 1295 2279 festo
1319 2247 1428 2279 Sancti
1451 2247 1473 2279 J
1475 2258 1626 2279 mustus
