1820 2548
1543 208 1606 239 897

752 401 1084 435 DCCLXXXVIII.

184 484 349 518 GRANT
386 484 450 516 BY
488 483 608 516 POPE
645 482 908 515 CELESTINE
945 482 987 515 V.
1019 482 1076 515 TO
1115 482 1314 522 ROBERT,
1345 482 1652 514 ARCHBISHOP

294 553 354 585 OF
377 551 713 592 CANTERBURY,
737 551 796 583 OF
819 551 918 583 THE
941 550 1112 584 POWER
1135 550 1194 583 OF
1220 549 1516 583 APPOINTING
1541 539 1653 592 <HAG

294 621 432 662 VICE),
462 620 520 653 To
552 620 651 653 THE
682 619 874 653 VAGANT
905 619 991 652 SEE
1024 619 1083 651 OF
1115 618 1394 652 LLANDAFF?

457 701 513 745 [B.
531 701 675 740 Wums,
692 701 831 733 δωσεῖ
847 711 887 732 or
904 700 1102 739 LLANDAFF,
1119 712 1150 742 p.
1170 700 1260 743 137.]
1353 701 1373 732 2
1390 700 1466 733 Oc‘r.
1516 701 1609 732 1294.

229 783 446 816 Coennsrmus
476 782 650 825 episcopus,
681 793 790 814 servus
827 793 990 814 servorum
1028 781 1100 821 Dei,
1131 781 1306 814 venerabih‘
1343 781 1437 813 fratri
1475 781 1655 824 mommo

185 853 226 885 de
267 850 520 894 Wmcmzrsn]
577 850 810 894 archiepiscopo
867 850 1125 883 CANTUARIENSI
1181 850 1318 882 salutem
1363 853 1395 882 et
1451 850 1657 892 apostolicam

186 921 452 954 benedictionem.

228 990 388 1022 Militanti
412 989 560 1028 ecclesiae,
577 989 768 1032 disponente
790 988 941 1027 Domino,
960 988 1034 1020 licet
1055 987 1209 1020 immeriti
1229 988 1426 1029 presidentes
1447 987 1528 1019 circa
1549 998 1658 1019 curam

186 1059 333 1092 omnium
362 1058 565 1090 ecclesiarum
596 1057 723 1090 solertia
753 1057 916 1089 reddimur
942 1056 1102 1089 indefessa
1133 1056 1269 1095 solliciti,
1300 1060 1337 1088 ut
1367 1056 1463 1098 juxta
1493 1055 1660 1098 pastoralis

188 1127 283 1160 officii
309 1126 455 1159 debitum
486 1126 645 1158 commissi
670 1125 762 1158 nobis
789 1126 896 1168 gregis
927 1124 1091 1158 Dominici
1118 1136 1226 1157 curam
1254 1124 1377 1156 utiliter
1404 1135 1522 1167 gerere,
1551 1124 1661 1156 divina

186 1197 375 1238 cooperante
420 1194 600 1233 clementia,
638 1195 833 1233 studeamus,
874 1196 904 1226 et
950 1204 1136 1236 quanquam
1177 1193 1302 1225 assidue
1340 1193 1422 1224 circa
1460 1192 1662 1234 singularum

187 1264 353 1296 commoda
382 1263 574 1305 vigilemus;
612 1265 721 1294 tamen
751 1274 829 1305 erga
854 1262 926 1294 illos
957 1273 1028 1304 quae
1067 1262 1235 1303 deplorant
1262 1261 1428 1293 viduitatis
1458 1261 1661 1293 incommoda

183 1333 379 1376 propensiori
405 1343 479 1364 cura
505 1334 537 1363 et
564 1331 679 1374 majori
704 1332 928 1374 propulsamur
956 1331 1121 1370 instantia,
1147 1333 1184 1362 ut
1211 1330 1256 1362 eis
1281 1329 1484 1372 preficiamus
1514 1329 1598 1361 viros
1625 1332 1655 1361 et

190 1402 364 1435 secundum
390 1412 442 1433 cor
468 1403 614 1432 nostrum
644 1400 774 1432 idoneos
797 1400 833 1432 in
858 1403 1008 1442 pastores.
1055 1399 1139 1432 Sane
1164 1399 1205 1430 ad
1235 1399 1435 1431 audientiam
1465 1398 1660 1440 apostolatus

189 1470 291 1504 nostri
314 1469 470 1512 pervenit,
497 1469 583 1511 quod
607 1469 797 1501 cathedralis
820 1468 950 1501 ecclesia
972 1467 1225 1506 LANDAVENSIS‚
1249 1467 1482 1509 metropolitico
1504 1466 1564 1498 tibi
1586 1467 1659 1509 jure

188 1539 342 1582 subjecta,
367 1550 423 1581 per
444 1538 646 1580 septennium
670 1538 739 1580 jam
764 1536 939 1580 permansit
959 1539 991 1568 et
1018 1536 1124 1568 adhuc
1150 1540 1315 1579 permanet
1343 1535 1477 1579 pastoris
1501 1535 1658 1578 regimine

188 1608 352 1646 destituta,
383 1609 512 1649 propter
549 1607 634 1648 quod
672 1606 743 1648 ejus
781 1606 918 1648 provisio
948 1606 989 1638 ad
1023 1606 1130 1638 sedem
1161 1605 1365 1648 apostolicam
1396 1607 1452 1644 est,
1484 1605 1657 1636 secundum

189 1676 348 1720 generalis
385 1677 505 1707 statuta
542 1675 677 1714 concilii,
712 1674 857 1717 legitime
895 1674 1054 1706 devoluta.
1103 1673 1173 1706 Nos
1209 1673 1312 1716 igitur
1344 1673 1487 1705 volentes
1524 1673 1658 1704 eandem

189 1744 362 1783 ecclesiam,
390 1754 450 1786 que
482 1742 593 1785 gravia
623 1755 662 1775 ex
692 1743 880 1786 hujusmodi
911 1743 1075 1775 vacatione
1106 1743 1233 1774 diutina
1264 1741 1450 1774 sustinuisse
1477 1740 1594 1772 dicitur
1624 1740 1658 1772 in

188 1812 407 1856 spiritualibus
436 1815 468 1844 et
499 1811 728 1854 temporalibus
758 1812 960 1850 detrimenta,
992 1823 1047 1854 per
1072 1814 1190 1844 nostrae
1218 1810 1429 1853 providentiae
1467 1809 1610 1840 studium
1640 1820 1659 1840 a

187 1881 362 1924 dispendiis
393 1879 452 1912 sibi
483 1891 522 1912 ex
552 1880 716 1922 prolixiori
745 1880 908 1912 vacatione
939 1879 1182 1912 imminentibus
1212 1889 1402 1922 preservare,
1431 1889 1466 1909 ao
1494 1877 1657 1919 cupientes

187 1950 281 1982 illum
304 1949 408 1981 eidem
431 1948 569 1980 ecclesiae
596 1959 729 1990 proeesse
755 1949 947 1990 pontificem,
973 1960 1030 1991 per
1060 1959 1156 1991 quem
1187 1951 1224 1979 ut
1250 1947 1403 1988 utrisque,
1428 1945 1498 1977 Deo
1521 1948 1657 1982 auctore,

189 2019 295 2051 valeat
317 2017 486 2049 salubriter
509 2016 693 2059 gubernari,
718 2021 865 2059 gerentes
888 2028 1013 2059 quoque
1038 2017 1077 2049 de
1101 2027 1166 2048 suae
1189 2014 1478 2057 circumspectionis
1500 2013 1660 2045 industria

190 2087 340 2119 fiduciam
370 2086 404 2117 in
434 2085 576 2117 Domino
605 2085 791 2127 pleniorem,
818 2085 1012 2117 fraternitati
1039 2089 1104 2116 tuae
1136 2083 1371 2116 ordinationem
1398 2082 1496 2124 ipsius
1523 2081 1660 2113 ecclesiae

189 2154 251 2186 hac
263 2154 330 2186 vice
345 2156 455 2186 tenore
470 2153 666 2196 presentium
679 2153 831 2185 duximus
846 2153 1119 2186 committendam.
1167 2152 1385 2184 concedentes
1402 2149 1460 2181 tibi
1476 2148 1660 2191 preficiendi

117 2245 125 2251 .
193 2222 296 2254 eidem
320 2222 458 2254 ecclesiae
481 2232 648 2264 personam
670 2222 829 2261 idoneam,
852 2233 915 2264 que
941 2224 1033 2254 tanto
1055 2224 1211 2264 congruat
1230 2219 1318 2251 oneri
1339 2224 1371 2250 et
1392 2217 1505 2250 honori
1531 2217 1565 2248 in
1594 2217 1659 2259 epi-

193 2301 323 2332 scopum
339 2293 371 2322 et
386 2292 556 2332 pastorem,
574 2301 609 2322 ac
625 2289 763 2322 faciendi
780 2290 884 2322 eidem
899 2301 1042 2332 personae
1064 2301 1082 2321 a
1099 2288 1239 2331 capitulo
1256 2287 1356 2330 ipsius
1377 2285 1515 2318 ecelesiae
1531 2287 1563 2316 et
1579 2284 1662 2317 clero

342 2395 397 2422 5:01
