1820 2548
218 227 301 259 1164

767 394 1036 428 DOGCCXLW.

173 487 359 520 RECORD
391 488 450 521 OF
479 489 512 521 A
542 488 664 521 PLEA
695 488 749 521 IN
784 488 883 521 THE
914 488 1210 521 GLAMORGAN
1248 487 1440 521 COUNTY
1476 487 1633 522 COURT

280 556 346 588 BY
375 556 474 589 THE
498 556 654 589 ABBOT
681 557 739 589 OF
764 556 973 589 MARGAM
999 556 1206 589 AGAINST
1230 556 1357 589 JOHN
1383 556 1447 589 DE
1479 556 1631 590 WOLE-

279 624 389 663 DON,
428 624 722 657 RESPECTING
751 624 952 657 SERVICE
986 624 1199 658 OLAIMED
1231 624 1297 657 BY
1327 624 1424 657 THE
1455 624 1632 658 DEFEN·

279 692 411 725 DANT
437 693 530 725 FOR
559 694 593 725 A
623 692 885 725 TENEMENT
916 693 970 725 IN
999 692 1371 726 BONVILLESTON.

767 773 932 816 [FRAxms
947 773 1036 816 MS]

887 854 1038 886 MONDAY
1063 865 1190 886 BEFORE
1214 854 1266 886 ST.
1290 854 1477 886 ANDREw’s
1499 854 1586 887 DAY.

1036 923 1077 954 25
1093 922 1180 954 Nov.
1227 924 1247 954 4
1263 922 1360 954 Enw.
1377 922 1445 954 ΠΙ.
1494 923 1587 955 1330.

213 1003 478 1036 L.-Comitatus
503 1003 756 1036 GLAMORGANIE
783 1006 872 1035 tenta
897 1004 983 1045 apud
1006 1003 1168 1035 KAERmr
1192 1003 1243 1035 die
1268 1003 1362 1035 Lune
1388 1004 1534 1045 proxima
1558 1006 1635 1036 ante

169 1072 287 1104 festum
310 1071 419 1104 Sancti
441 1072 591 1104 Annium
621 1071 755 1114 apostoli
785 1082 870 1103 anno
900 1071 993 1114 regni
1019 1071 1120 1114 Regis
1150 1071 1320 1103 EnwARm
1345 1071 1434 1103 tercii
1464 1074 1535 1114 post
1560 1083 1633 1104 oon-

170 1143 319 1182 questum
347 1143 478 1181 quarto.
497 1165 504 1170 .
525 1165 530 1171 .
551 1164 558 1171 .
573 1139 687 1172 Coram
704 1139 817 1171 szo
841 1140 879 1171 de
895 1139 993 1171 VEEL
1008 1139 1190 1172 vicecomite
1210 1139 1461 1171 GLAMORGANIE
1484 1142 1516 1172 et
1538 1139 1635 1172 Mon-

170 1219 320 1241 GANNOK.

212 1276 324 1309 Abbas
350 1276 478 1308 ecclesie
508 1275 600 1308 beate
630 1276 750 1308 Misius
781 1277 820 1308 de
851 1276 1004 1307 MARGAN
1035 1275 1152 1318 optulit
1179 1287 1211 1307 se
1242 1286 1348 1307 versus
1372 1275 1564 1308 JOHANNEM
1595 1277 1636 1308 de

170 1345 347 1378 Wommox
387 1345 421 1377 in
461 1345 578 1388 placito
623 1346 708 1387 quod
742 1345 900 1387 acquietet
935 1345 1056 1377 dictum
1104 1344 1252 1377 abbatem
1300 1345 1339 1376 de
1377 1345 1513 1378 servicio
1550 1345 1637 1386 quod

171 1414 354 1447 ‹IOHANNI-:S
369 1413 399 1445 le
419 1413 616 1445 Fmexc
641 1414 680 1445 de
703 1413 821 1445 Sancto
844 1412 997 1445 Gzonmo
1020 1413 1060 1444 ab
1083 1424 1119 1445 eo
1142 1412 1243 1454 exigit
1266 1413 1306 1444 de
1328 1412 1429 1444 libero
1451 1415 1637 1445 tenemento

171 1483 257 1525 quod
294 1483 334 1514 de
371 1481 496 1523 prefato
534 1481 700 1513 JOHANNE
737 1482 776 1513 de
807 1481 983 1514 Wonnnox
1022 1483 1110 1512 tenet
1147 1480 1181 1512 in
1219 1480 1507 1513 Bomvnmsmn
1547 1481 1634 1513 unde

172 1551 258 1582 idem
295 1550 477 1582 [IOHANNI-:s
507 1550 547 1581 de
577 1549 752 1582 Womnox
792 1549 847 1591 qui
877 1549 1000 1580 medius
1033 1552 1079 1580 est
1120 1549 1204 1580 inter
1247 1559 1299 1580 eos
1343 1560 1417 1580 eum
1456 1548 1637 1591 acquietare

172 1619 266 1651 debet
294 1622 329 1650 ut
356 1619 443 1650 dicit.
499 1618 544 1649 Et
568 1619 653 1650 unde
680 1618 824 1660 queritur
855 1618 939 1659 quod
969 1628 1025 1659 pro
1056 1616 1183 1648 defectu
1212 1616 1283 1659 ejus
1313 1617 1534 1660 distringatur.
1590 1617 1637 1650 Et

174 1688 334 1730 predictus
354 1687 375 1719 J
378 1697 535 1718 onAxNi-:s
557 1687 596 1718 de
617 1685 794 1718 WOLEnox
817 1686 1028 1717 summonitus
1051 1685 1112 1717 fuit
1142 1688 1173 1717 et
1197 1685 1272 1717 feeit
1295 1685 1452 1717 defaltum
1474 1697 1530 1727 per
1551 1686 1638 1727 quod

174 1759 359 1798 preceptum
383 1755 446 1786 fuit
473 1755 558 1796 quod
585 1754 786 1786 attachietur.
832 1754 877 1785 Et
900 1753 1037 1786 ballivus
1062 1754 1232 1795 respondet
1258 1754 1343 1795 quod
1365 1753 1447 1785 m'hss
1467 1753 1581 1786 habuit
1601 1753 1636 1785 in

174 1824 294 1856 balliva
316 1835 372 1855 sua
389 1835 446 1865 per
468 1823 554 1865 quod
576 1822 744 1854 attachjari
767 1823 871 1864 potuit
894 1833 950 1864 per
972 1822 1057 1863 quod
1080 1822 1313 1853 consideratum
1338 1821 1400 1853 fuit
1424 1821 1511 1863 quod
1533 1821 1637 1854 dietus

175 1892 198 1924 J
200 1902 357 1923 onAxxsss
383 1893 423 1923 de
438 1890 615 1923 Womznox
632 1891 852 1933 distringatur.
900 1890 945 1922 Et
961 1890 1045 1931 quod
1061 1890 1343 1932 proclamacionem
1358 1890 1447 1921 fieret
1462 1890 1496 1921 in
1512 1889 1637 1922 duobus

175 1960 278 2002 plenis
302 1958 505 1990 comitatibus
532 1959 617 2000 quod
644 1959 804 2000 predictus
829 1958 1011 1990 JOHANNES
1037 1958 1076 1989 de
1100 1957 1275 1990 Womznox
1303 1957 1425 1989 veniret
1449 1958 1490 1989 ad
1514 1958 1638 1990 djetum

177 2027 325 2060 abbatem
347 2027 594 2068 acquietandum
617 2027 656 2058 de
679 2026 809 2058 servicio
833 2026 916 2068 quod
940 2026 1043 2057 dictus
1064 2025 1086 2057 J
1089 2036 1246 2056 onANNEs
1267 2025 1298 2056 le
1319 2025 1515 2056 FLEMMYNG
1538 2024 1578 2057 ab
1601 2035 1639 2057 eo

178 2096 279 2137 exigit
304 2099 361 2126 etc.
408 2094 452 2126 Et
475 2094 613 2126 ballivus
635 2095 803 2136 respondet
827 2094 912 2135 quod
943 2093 1025 2124 nihil
1051 2092 1163 2124 habuit
1190 2092 1223 2124 in
1249 2092 1367 2124 balliva
1391 2103 1448 2124 sua
1471 2103 1527 2134 per
1553 2093 1638 2134 quod

177 2163 368 2205 distringere
398 2162 512 2204 potuit.
567 2162 613 2194 Et
643 2162 849 2204 proclamacio
880 2161 965 2193 faeta
994 2161 1057 2193 fuit
1088 2161 1121 2192 in
1152 2160 1276 2193 duobus
1304 2160 1408 2202 plenis
1437 2159 1640 2193 comitatibus

178 2231 325 2263 videlicet
348 2231 381 2261 in
402 2230 555 2262 comitatu
570 2232 659 2262 tento
675 2230 727 2261 die
743 2229 836 2262 Lune
855 2229 1000 2271 proximo
1016 2231 1090 2260 ante
1106 2228 1224 2260 festum
1241 2228 1385 2260 omnium
1401 2227 1590 2260 Sanctorum
1605 2231 1638 2260 et

177 2300 212 2331 in
228 2299 381 2331 comitatu
397 2302 486 2330 tento
502 2298 553 2329 die
569 2297 664 2330 Lune
679 2298 823 2340 proximo
839 2301 913 2330 ante
929 2297 1048 2329 festum
1070 2297 1179 2329 Sancti
1194 2297 1341 2328 ANDREE
1357 2307 1442 2328 anno
1457 2296 1638 2338 supradicto
