1820 2548
1498 138 1560 169 759

145 300 290 344 partibus
313 298 456 331 Marohie
480 298 565 330 facta
590 300 627 329 ut
652 297 769 329 dicitur
791 299 901 329 eontra
924 295 1060 327 formam
1084 295 1170 336 pacis
1188 295 1272 326 inter
1294 305 1351 326 nos
1373 297 1405 326 et
1428 295 1606 336 predictum

146 368 366 401 LEWELINUM
396 367 476 399 inite
506 369 538 399 et
568 366 692 398 firmate
722 367 754 397 et
784 376 821 397 ea
851 364 958 397 omnia
995 363 1174 406 corrigendi
1211 365 1243 395 et
1279 362 1474 394 terminandi
1511 364 1605 404 prout

147 438 322 470 secundum
344 437 481 469 formam
496 435 582 478 pacis
597 434 742 477 ejusdem
757 436 789 466 et
811 434 985 466 secundum
1001 432 1261 465 consuetudinem
1277 431 1418 473 partium
1433 431 1561 462 illarum
1577 433 1608 463 et

148 507 187 539 de
210 506 282 548 jure
307 505 405 537 fuerit
429 504 622 536 faciendum.
679 502 726 534 Et
749 503 821 534 ideo
838 501 928 534 vobis
954 502 1142 533 mandamus
1163 501 1248 542 quod
1270 500 1421 542 predictis
1445 499 1607 541 episcopis,

152 574 304 613 Romano,
335 576 366 605 et
404 573 555 611 Roomzo,
586 571 688 604 tribus
725 571 776 603 vel
813 570 936 603 duobus
973 570 1113 612 ipsorum
1150 580 1229 611 quos
1265 568 1385 600 ibidem
1421 568 1455 600 in
1493 567 1612 600 octabis

151 643 302 685 predictis
326 642 376 674 vel
401 641 514 673 diebus
538 642 579 672 ad
609 640 668 672 hoo
694 651 750 682 per
776 640 860 681 ipsos
889 639 914 671 si
941 649 1065 670 necesse
1094 638 1193 669 fuerit
1222 637 1476 669 continuandum
1506 637 1612 668 adesse

153 711 323 753 contigerit
349 711 384 742 in
409 710 568 752 premissis
579 709 784 741 intendentes
799 708 867 740 sitis
883 709 914 740 et
929 708 1155 749 respondentes
1165 706 1365 738 consulentes
1380 708 1410 737 et
1423 705 1615 737 auxiliantes

152 784 247 821 prout
261 778 350 811 vobis
364 779 442 810 scire
457 778 593 810 facimus
607 789 646 809 ex
664 780 754 819 parte
770 779 887 809 nostra.
934 775 975 808 In
992 775 1083 816 cujus
1099 777 1156 807 etc.
1203 774 1298 807 Teste
1313 777 1351 806 ut
1366 785 1470 816 supra.

805 933 970 966 DOXGV.

267 1016 437 1049 ROYAL*
466 1015 593 1048 WRIT
632 1014 939 1048 CONOERNING
977 1012 1286 1046 CAERPHILLY
1324 1012 1510 1045 GASTLE.

683 1096 823 1139 [PRO.
862 1095 918 1128 UT
955 1094 1098 1137 Surum]
1343 1095 1363 1126 4
1379 1094 1467 1126 AUG.
1488 1095 1580 1126 1271.

205 1180 276 1212 Rex
291 1180 405 1211 dilecto
422 1182 452 1211 et
469 1179 556 1210 fideli
571 1189 628 1210 suo
643 1177 832 1210 Lmvmxo
848 1177 913 1208 filio
930 1176 1094 1208 GR1FF1N1
1118 1176 1262 1218 Principi
1278 1175 1425 1208 WALLOE
1441 1175 1577 1207 salutem
1593 1179 1624 1207 et

160 1249 279 1281 sincere
302 1248 483 1280 dileccionis
508 1248 720 1279 affeccionem.
779 1246 860 1278 Cum
884 1246 969 1277 diem
1000 1245 1089 1277 vobis
1116 1247 1148 1277 et
1171 1245 1283 1277 vestris
1307 1248 1339 1276 et
1360 1245 1475 1276 dilecto
1486 1247 1517 1276 et
1539 1244 1625 1276 fideli

162 1320 270 1349 nostro
286 1316 325 1349 G.
342 1317 382 1348 de
398 1315 513 1348 Ome
530 1315 638 1348 comiti
654 1314 816 1347 GLoccns'
831 1317 861 1346 ct
875 1313 1076 1346 HERTFORD’
1094 1316 1125 1345 et
1141 1315 1205 1345 suis
1217 1325 1253 1345 ac
1268 1313 1379 1345 ceteris
1390 1313 1626 1344 marchionibus

160 1386 276 1418 nostris
299 1396 354 1427 per
372 1396 429 1416 nos
449 1384 607 1426 prefixum
631 1395 649 1415 a
672 1383 724 1415 die
746 1382 856 1415 Sancti
877 1382 898 1415 J
900 1393 1050 1414 ouANNis
1073 1382 1241 1414 Earum:
1260 1381 1404 1423 proximo
1425 1381 1576 1423 preterito
1592 1381 1625 1413 in

161 1465 263 1486 unum
284 1464 425 1485 mensem
449 1453 536 1494 apud
559 1453 677 1484 vadum
700 1452 833 1483 Moims
857 1451 995 1483 Gonmu
1012 1451 1104 1482 cortis
1126 1451 1166 1482 de
1189 1450 1290 1481 causis
1310 1460 1566 1492 prorogassemus
1587 1449 1627 1481 ab

162 1523 219 1554 illo
235 1533 342 1554 mense
359 1522 393 1553 in
408 1533 510 1553 unum
525 1531 666 1552 mensem
682 1523 753 1562 post
769 1520 887 1551 festum
903 1519 1012 1551 Scanti
1033 1519 1228 1551 MICHAELIs
1243 1519 1388 1560 proximo
1404 1520 1575 1550 venturum
1592 1520 1626 1550 ut

161 1593 238 1623 tunc
253 1601 358 1622 coram
373 1589 579 1631 magnatibus
595 1591 627 1620 et
642 1588 789 1620 fidelibus
804 1588 921 1620 nostris
940 1599 997 1630 per
1012 1599 1069 1620 nos
1091 1587 1211 1619 ibidem
1234 1587 1440 1618 destinandos
1456 1589 1522 1618 tam
1539 1586 1627 1618 vobis

165 1662 197 1691 et
212 1659 324 1690 vestris
339 1669 435 1700 quam
452 1657 577 1699 prefato
593 1657 702 1689 comiti
718 1660 749 1688 et
765 1657 829 1688 suis
845 1668 880 1688 ac
896 1657 967 1688 aliis
979 1655 1214 1688 marchionibus
1230 1656 1345 1687 nostris
1368 1655 1517 1697 predictis
1532 1655 1627 1697 plena

166 1727 221 1759 fiat
237 1727 364 1769 justicia
381 1737 475 1768 super
490 1725 776 1767 intercepcionibus
792 1725 968 1757 excessibus
984 1728 1014 1757 et
1035 1724 1338 1767 transgressionibus
1354 1724 1429 1755 hinc
1445 1724 1519 1755 inde
1536 1723 1628 1755 factis

165 1797 274 1828 contra
296 1795 433 1827 formam
456 1794 542 1836 pacis
562 1794 647 1826 inter
668 1805 726 1826 nos
745 1796 776 1825 et
799 1804 854 1825 vos
872 1794 951 1825 inite
967 1796 999 1825 et
1013 1793 1137 1825 firmate
1153 1796 1185 1824 et
1200 1792 1289 1824 vobis
1304 1804 1360 1834 per
1374 1793 1483 1824 literas
1505 1795 1628 1824 nostras

165 1864 404 1896 mandassemus
421 1863 507 1904 quod
522 1862 608 1894 diem
623 1862 717 1894 illum
733 1862 904 1894 observetis
923 1863 1008 1904 apud
1029 1862 1133 1894 locum
1150 1861 1327 1904 predictum
1343 1864 1374 1893 et
1393 1862 1478 1903 quod
1499 1862 1626 1893 interim

166 1932 290 1974 prefato
315 1931 423 1963 comiti
439 1933 494 1962 aut
511 1931 576 1962 suis
591 1942 627 1962 ac
643 1930 753 1962 ceteris
768 1930 1004 1962 marchionibus
1020 1931 1136 1962 nostris
1151 1930 1299 1972 predictis
1312 1931 1489 1972 dampnum
1501 1942 1565 1961 nou
1578 1930 1625 1961 in-

167 2001 276 2033 feratis
293 2000 342 2032 vel
359 2010 532 2042 gravamen
556 2010 591 2031 ac
613 1998 681 2040 jam
705 1999 803 2031 simus
826 1999 859 2030 in
883 1999 1107 2041 proficiscendo
1131 1999 1171 2030 ad
1193 2002 1299 2041 partes
1321 1998 1549 2030 transmarinas
1572 2010 1627 2040 pro

168 2069 317 2111 homagio
333 2070 439 2100 nostro
455 2068 541 2109 quod
556 2067 685 2099 domino
702 2066 786 2110 Regi
803 2067 957 2099 FRANcm
971 2067 1089 2099 illustri
1110 2067 1213 2098 facere
1229 2070 1375 2098 tenemur
1390 2078 1446 2108 pro
1462 2067 1629 2098 dominatu

168 2139 275 2170 nostro
291 2137 488 2170 Auummn
504 2135 584 2167 com’
600 2135 761 2167 Aenxms’
778 2138 810 2167 et
825 2135 896 2167 aliis
911 2135 1003 2167 terris
1025 2147 1103 2177 quas
1126 2137 1272 2167 tenemus
1294 2137 1326 2166 et
1349 2138 1456 2167 tenere
1478 2134 1630 2166 debemus

170 2206 204 2238 in
231 2217 330 2247 regno
357 2204 512 2237 ancnz
540 2204 644 2236 eidem
670 2204 800 2236 domino
828 2204 913 2246 Regi
936 2205 1107 2246 prestando
1133 2206 1166 2236 et
1191 2207 1321 2246 propter
1344 2204 1403 2236 hoc
1434 2203 1569 2235 velimus
1597 2207 1629 2235 et
