1820 2548
242 211 325 242 1016

829 365 1019 398 DCCCLX.

194 457 476 492 QUIT-OLAIM
506 458 572 491 BY
602 458 738 498 JOHN,
770 458 858 491 SON
888 458 947 490 OF
984 459 1156 492 HENRY
1194 460 1257 492 DE
1294 460 1561 501 BONEVYLE,
1593 461 1650 494 TO

300 525 518 565 MARGAM,
551 526 609 558 OF
639 526 846 558 TWENTY
876 526 1130 560 SHILLINGS
1168 527 1437 561 ANNUALLY
1467 528 1561 561 OUT
1591 529 1651 562 OF

298 594 332 625 A
365 594 492 626 RENT
523 594 581 625 OF
612 594 768 626 FORTY
798 594 1054 628 SHILLINGS
1088 595 1188 628 DUE
1226 596 1284 628 ΤΟ
1316 596 1412 628 ΗΙΜ
1449 596 1514 629 BY
1551 596 1649 629 THE

298 662 460 694 ABBEY
492 662 584 694 FOR
614 663 646 694 A
677 662 940 695 TENEMENT
970 663 1023 695 IN
1055 663 1439 697 BONEVYLESTON.

728 743 900 786 [MARGAM
925 744 1118 787 Cnmzrmm]

859 824 999 856 Suxmv
1023 836 1132 856 AFTER
1155 825 1373 857 MIDSUMMRR
1396 825 1481 858 Dm.
1530 826 1623 858 1312.

230 904 354 935 Notum
371 905 412 936 sit
428 904 575 936 omnibus
590 906 631 936 ad
647 916 783 947 quorum
799 906 947 937 notitiam
962 905 1021 938 1108
1037 918 1164 948 presens
1187 907 1340 948 scriptum
1362 907 1541 948 pervenerit
1563 908 1650 949 quod

187 983 247 1014 ego
269 972 450 1004 JOHANNES
473 974 512 1004 de
533 973 720 1004 Boxssvnss
741 973 826 1004 filius
849 976 881 1004 et
900 973 990 1004 heres
1016 973 1169 1005 Hmmm
1193 975 1233 1006 de
1259 974 1444 1006 BONEVYLE
1468 986 1524 1016 pro
1547 975 1648 1007 salute

187 1041 292 1072 anime
309 1052 377 1072 mee
401 1045 432 1072 et
456 1041 599 1072 omnium
622 1048 855 1073 antecessorum
877 1044 909 1074 et
931 1053 1143 1074 successorum
1165 1053 1307 1074 meorum
1330 1043 1465 1074 concessi
1488 1043 1594 1074 remisi
1617 1045 1649 1074 et

188 1109 317 1141 omnino
341 1110 486 1150 quietum
509 1110 643 1141 clamavi
666 1122 721 1151 pro
745 1122 795 1141 me
822 1114 854 1142 et
876 1111 1045 1142 heredibus
1068 1111 1145 1142 meis
1168 1114 1200 1142 et
1223 1111 1392 1153 assignatis
1413 1112 1648 1153 imperpetuum

186 1176 256 1209 Deo
281 1182 311 1209 et
327 1178 454 1209 ecclesie
470 1177 561 1209 beate
576 1178 697 1209 Minus
713 1179 752 1210 de
768 1178 921 1210 MARGAN
938 1182 969 1210 et
985 1190 1027 1210 m.
1045 1179 1064 1210 i.
1079 1179 1121 1210 D.
1133 1191 1155 1211 s.
1174 1182 1206 1210 et
1221 1179 1383 1210 servituris
1399 1179 1515 1220 viginti
1531 1179 1646 1211 solidos

187 1245 356 1276 annuatim
371 1246 410 1277 de
427 1245 490 1276 illis
505 1246 719 1287 quadraginta
734 1246 842 1278 solidis
857 1247 957 1278 annui
978 1247 1122 1278 redditus
1145 1258 1223 1288 quos
1244 1246 1324 1278 mihi
1347 1250 1378 1278 et
1401 1246 1648 1278 antecessoribus

187 1314 267 1344 meis
296 1313 429 1355 predicti
454 1313 602 1344 monachi
626 1325 682 1355 pro
717 1317 899 1346 tenemento
929 1315 968 1346 (18
1007 1314 1274 1346 Bomvnsssmn
1312 1315 1479 1346 annuatim
1516 1315 1647 1346 reddere

187 1384 425 1413 consueverunt.
472 1380 525 1412 Ita
542 1382 628 1423 quod
644 1393 701 1413 nec
717 1393 776 1424 ego
792 1382 895 1414 dictus
917 1382 939 1414 J
941 1394 1098 1414 OHANNES
1113 1394 1171 1414 nec
1193 1383 1308 1424 aliquis
1329 1382 1480 1414 heredum
1505 1393 1648 1414 meorum

188 1450 253 1481 sive
276 1450 509 1491 assignatorum
539 1450 573 1481 in
597 1451 753 1492 predictos
780 1451 895 1493 viginti
918 1451 1033 1482 solidos
1056 1451 1156 1482 annui
1178 1451 1320 1482 redditus
1344 1451 1466 1492 aliquid
1488 1451 1570 1492 juris
1591 1453 1648 1483 aut

189 1518 294 1549 811111111
310 1518 350 1549 (18
365 1518 497 1559 prefatis
512 1518 675 1550 monachis
690 1519 740 1551 vel
756 1530 865 1551 eorum
882 1519 1108 1551 successoribus
1130 1520 1272 1550 decetero
1296 1519 1457 1551 valeamus
1482 1520 1647 1551 vendicare

186 1587 235 1617 vel
251 1586 378 1628 exigere
394 1598 496 1628 neque
512 1587 545 1618 in
570 1587 711 1619 dominio
727 1598 829 1628 neque
854 1588 887 1618 in
912 1588 1041 1619 servicio
1063 1588 1308 1629 imperpetuum.
1370 1587 1433 1619 Pro
1456 1587 1515 1619 hae
1538 1590 1646 1619 autem

187 1654 383 1685 concessione
414 1654 596 1686 remissione
627 1658 658 1686 et
689 1655 873 1687 omnimoda
902 1656 1010 1697 quieta
1034 1655 1225 1687 clamacione
1251 1666 1322 1686 mea
1343 1655 1429 1686 facta
1455 1665 1511 1696 pro
1540 1666 1589 1687 me
1616 1658 1648 1686 et

189 1722 357 1753 heredibus
372 1723 450 1754 meis
465 1725 497 1754 et
512 1723 681 1765 assignatis
697 1724 736 1755 de
758 1724 908 1765 predictis
932 1723 1048 1765 viginti
1071 1723 1181 1754 solidis
1203 1723 1302 1754 annui
1325 1723 1468 1755 redditus
1490 1723 1648 1754 dederunt

187 1790 284 1822 michi
299 1791 417 1833 prefati
432 1791 579 1822 monachi
595 1792 712 1833 viginti
728 1791 824 1823 libres
836 1792 1061 1833 sterlingorum
1074 1791 1285 1832 premam'bus.
1332 1791 1378 1822 Et
1393 1802 1452 1833 ego
1467 1791 1489 1823 J
1491 1801 1648 1822 OHANNES

187 1862 219 1890 et
234 1859 364 1890 heredes
379 1859 442 1890 mei
457 1863 489 1891 et
501 1860 655 1901 assignati
670 1861 709 1891 de
725 1860 818 1891 dictis
835 1860 950 1902 viginti
966 1860 1074 1891 solidis
1090 1859 1190 1891 annui
1205 1860 1348 1891 redditus
1363 1860 1464 1890 dictos
1478 1858 1648 1891 monachos

187 1930 219 1958 et
242 1938 350 1959 eorum
374 1939 562 1959 successores
585 1940 692 1960 versus
714 1939 918 1970 quoscunque
942 1928 1086 1959 homines
1114 1931 1147 1959 et
1176 1928 1313 1959 feminas
1343 1926 1593 1969 acquietabimus
1615 1929 1648 1959 et

187 1994 396 2027 defendemus
424 1995 668 2037 imperpetuum.
725 1995 771 2027 Et
797 1998 833 2026 ut
863 1995 921 2026 hac
951 2006 1022 2026 mea
1052 1995 1207 2026 concessio
1237 1995 1378 2026 remissio
1405 1997 1436 2026 et
1461 1995 1645 2026 omnimoda

188 2063 296 2104 quieta
318 2063 467 2095 clamacio
491 2063 576 2095 facta
597 2067 664 2094 tam
687 2074 744 2105 pro
767 2074 818 2094 me
841 2074 938 2104 quam
964 2074 1021 2105 pro
1052 2063 1220 2095 heredibus
1245 2063 1323 2094 meis
1349 2065 1382 2094 et
1411 2062 1582 2104 assignatis
1610 2065 1647 2094 ut

186 2131 363 2172 predictum
393 2134 440 2162 est
470 2134 540 2163 rata
569 2135 601 2163 et
630 2130 752 2163 stabilis
782 2131 1019 2173 imperpetuum
1049 2134 1225 2173 perseveret
1254 2131 1328 2162 huic
1358 2130 1497 2172 presenti
1527 2131 1642 2172 scripto

187 2198 330 2240 sigillum
346 2210 453 2230 meum
468 2199 600 2240 apposui
615 2202 647 2231 et
670 2199 769 2231 eciam
791 2199 898 2240 sigilla
921 2199 1123 2231 dominorum
1146 2199 1281 2230 PAGAM
1304 2199 1343 2230 de
1359 2198 1591 2230 TURBERVYLE
1613 2201 1646 2231 et

186 2264 338 2297 ansmu
362 2266 402 2297 de
424 2266 549 2297 Ammz
567 2292 572 2298 .
591 2267 708 2308 apponi
723 2267 898 2309 procuravi.
944 2267 1022 2299 Hiis
1043 2267 1178 2299 testibus
1197 2292 1202 2299 .
1225 2266 1247 2299 J
1249 2277 1389 2298 OHANNE
1408 2267 1438 2298 le
1459 2266 1620 2298 BOTYLER
1636 2291 1643 2298 .
