1820 2548
213 182 275 213 788

167 337 237 369 Deo
253 342 285 369 et
301 337 340 369 B.
358 337 404 369 M.
422 337 464 369 ib.
481 348 559 369 serv.
577 340 640 369 tres
655 348 742 369 acras
757 340 839 369 terre
859 337 988 369 arabilis
1003 337 1037 369 in
1053 338 1146 370 feudo
1163 338 1202 369 de
1225 337 1422 370 KENEFEGH
1439 349 1511 370 cum
1526 339 1621 381 perti-

168 406 285 438 nentiis
309 406 372 437 suis
394 407 434 438 de
449 405 548 438 libero
570 405 762 447 patrimonio
784 416 854 436 meo
877 416 933 447 pro
950 405 1051 437 salute
1073 406 1179 438 anime
1199 417 1268 438 mee
1293 409 1324 438 et
1347 409 1578 439 antecessorum
1593 410 1625 440 et

167 486 311 507 meorum
334 475 368 506 in
391 486 420 516 p.
439 478 471 506 et
493 486 522 516 p.
541 486 566 506 e.
614 474 757 509 Quarum
782 485 846 505 una
864 484 936 505 acra
952 476 984 506 et
999 476 1113 516 quarta
1128 486 1200 516 pars
1215 475 1311 507 unius
1327 486 1396 507 acre
1407 475 1515 516 jacent
1530 475 1625 517 juxta

168 544 252 576 via-m
269 544 449 575 venientem
465 544 504 575 de
519 543 652 575 meu
677 542 805 574 OASTRO
828 553 927 584 usque
950 543 990 574 ad
1007 542 1157 574 CORNELI
1180 554 1219 575 ex
1234 546 1323 585 parte
1339 544 1525 575 occidentali
1542 544 1626 576 inter

167 615 285 645 terram
301 623 397 654 quam
414 611 627 644 WILLELMUS
642 611 726 643 filius
741 611 949 642 ALEXANDRI
965 613 1053 642 tenet
1068 611 1108 642 de
1131 611 1293 644 monachis
1309 622 1370 653 que
1386 612 1548 653 quondam
1564 612 1626 644 fuit

165 685 249 713 terra
272 680 397 713 Tuom
421 680 568 712 HosniAR
586 705 591 710 .
609 683 639 711 et
663 679 746 710 inter
761 682 879 710 terram
902 678 1066 711 Hueoms
1090 678 1281 712 WALENSIS.
1329 679 1495 722 Incipiunt
1517 684 1625 713 autem

168 761 186 781 a
202 750 343 791 predicta
358 749 409 781 via
425 751 457 780 et
472 749 650 780 extendunt
667 758 698 779 se
714 748 747 778 in
764 747 1000 789 longitudinem
1016 758 1123 779 versus
1139 748 1333 780 occidentem
1349 759 1447 790 usque
1464 749 1505 780 ad
1521 760 1625 781 acram

167 830 263 860 quam
279 817 439 859 predictus
455 816 668 849 anzmms
683 818 771 848 tenet
787 816 826 847 de
845 815 1008 847 monachis
1024 826 1084 857 que
1101 816 1262 857 quondam
1278 816 1342 848 fuit
1358 827 1430 848 acra
1454 816 1475 848 J
1478 827 1628 849 OHANNIS

167 887 324 920 mexzn.
365 886 442 918 Una
454 896 527 917 vero
539 896 611 916 acra
623 888 653 916 et
670 887 783 926 quarta
793 895 866 926 pars
878 884 973 915 unius
985 883 1085 926 [acre]
1100 884 1208 926 jacent
1220 884 1304 916 inter
1315 887 1433 916 terram
1448 896 1545 927 quam
1557 897 1625 927 pre·-

166 957 270 988 dictus
286 956 498 989 Wnrllnmsssss
514 958 601 985 tenet
614 954 652 985 de
664 952 827 984 monachis
842 963 903 994 que
919 953 1081 994 quondam
1097 953 1161 984 fuit
1175 956 1260 984 terra
1276 953 1464 985 W111LE1⁴M1
1482 954 1554 985 Con
1572 979 1578 985 .
1595 957 1628 986 et

167 1026 252 1058 inter
262 1028 379 1057 terram
391 1023 576 1056 WILLELMl
589 1023 834 1054 FRONKELEYN.
873 1020 1039 1063 Incipiunt
1050 1023 1157 1053 autem
1169 1032 1188 1053 a
1199 1021 1339 1062 predicta
1350 1022 1401 1054 via
1411 1024 1442 1054 et
1452 1023 1630 1054 extendunt

166 1106 198 1127 se
210 1095 242 1126 in
254 1093 457 1136 longitudine
468 1103 574 1124 versus
587 1091 747 1123 occidente
757 1101 856 1131 usque
869 1090 910 1121 ad
922 1100 1073 1132 magnam
1086 1089 1171 1121 viam
1184 1101 1245 1131 que
1255 1090 1343 1122 ducit
1353 1091 1391 1122 de
1405 1091 1526 1132 capella
1537 1090 1628 1123 beate

165 1163 284 1195 Mffln
297 1161 517 1194 MAGDALENE
530 1171 629 1202 usque
641 1160 682 1191 ad
695 1158 855 1190 CORNELI.
882 1157 1027 1189 Dimidia.
1035 1169 1108 1190 vero
1121 1157 1225 1200 [acra]
1239 1157 1324 1200 jacet
1337 1162 1471 1200 exparte
1479 1159 1627 1191 orientali

166 1233 216 1264 vie
233 1243 294 1273 que
309 1231 396 1262 ducit
413 1231 452 1261 de
467 1229 600 1261 Verum
618 1228 745 1260 CAsTRo
763 1238 859 1269 usque
876 1227 916 1258 ad
929 1226 1080 1258 Gommm
1099 1251 1105 1257 .
1122 1226 1206 1258 inter
1222 1229 1339 1258 terram
1357 1238 1453 1268 quam
1469 1227 1629 1269 predictus

166 1300 379 1333 WILLELML'S
417 1298 501 1330 filius
530 1297 738 1329 ALEXANmu
769 1298 856 1327 tenet
892 1295 932 1327 de
968 1294 1132 1326 monachis
1161 1305 1222 1335 que
1254 1295 1419 1336 quondam
1452 1294 1515 1326 fuit
1545 1298 1628 1327 terra

167 1369 351 1402 Wumnmn
385 1367 457 1398 Con
491 1392 497 1398 .
530 1365 575 1397 Et
604 1365 688 1396 inter
717 1366 833 1395 terram
864 1374 960 1405 quam
993 1363 1153 1405 predictus
1184 1362 1401 1395 Wammws
1433 1362 1556 1405 tene[t]
1589 1364 1630 1395 de

166 1437 291 1469 'raom
323 1436 421 1467 Gom.
469 1434 589 1476 Incipit
616 1436 723 1464 autem
750 1432 892 1474 predicta
918 1430 1053 1463 dimidia
1086 1441 1157 1462 acra
1187 1441 1206 1462 a
1236 1431 1321 1462 dicta
1349 1431 1401 1462 via
1429 1434 1460 1462 et
1486 1431 1630 1462 extendit

166 1517 198 1538 se
221 1516 328 1537 versus
352 1504 507 1536 orientem
531 1505 562 1534 et
584 1512 692 1533 versus
715 1505 832 1532 terram
856 1499 981 1532 Tuom
1012 1498 1156 1531 GRAMUS
1174 1524 1180 1530 .
1199 1498 1368 1530 Tenendas
1391 1503 1423 1530 et
1446 1498 1628 1531 habendas.

168 1574 324 1616 predictas
361 1575 425 1603 tres
455 1582 541 1602 acras
578 1572 660 1602 terre
690 1580 763 1601 cum
793 1567 998 1609 pertinenciis
1034 1567 1099 1599 suis
1129 1567 1168 1598 de
1203 1578 1254 1598 me
1283 1569 1316 1598 et
1353 1566 1521 1599 heredibus
1551 1567 1629 1599 meis

167 1643 264 1675 libere
295 1667 301 1673 .
334 1641 440 1683 quiete
465 1666 471 1671 .
497 1642 528 1671 et
550 1639 678 1681 pacifice
708 1637 748 1669 ab
779 1637 865 1668 omni
897 1636 1066 1668 exaccione
1096 1636 1227 1667 seculari
1260 1638 1291 1667 et
1322 1636 1479 1667 demanda
1511 1662 1516 1667 .
1549 1635 1630 1668 sicut

170 1712 276 1753 aliqua
298 1713 381 1741 terra
404 1708 534 1740 liberius
557 1710 588 1738 et
611 1706 752 1748 quiecius
776 1705 845 1737 dari
869 1705 919 1736 vel
945 1704 1047 1736 teneri
1072 1706 1175 1746 potest
1203 1728 1209 1734 .
1237 1703 1282 1735 Et
1304 1714 1364 1745 ego
1387 1703 1574 1735 MARGmuA
1597 1706 1630 1736 et

169 1779 298 1811 heredes
321 1777 382 1809 mci
405 1776 554 1818 predictis
576 1773 738 1806 monachis
760 1773 918 1815 predictas
940 1775 1005 1803 tres
1033 1782 1120 1803 acras
1142 1775 1224 1803 terre
1247 1782 1319 1803 cum
1342 1772 1545 1813 pertinenciis
1567 1772 1633 1804 suis

169 1850 278 1878 contra
305 1856 413 1877 omncs
442 1843 585 1875 homines
616 1846 646 1873 et
677 1841 813 1873 feminas
847 1841 1083 1882 imperpetuum
1114 1839 1391 1871 warantizabimus
1417 1865 1422 1871 .
1448 1839 1493 1871 Et
1515 1842 1551 1871 ut
1573 1839 1630 1872 hec

172 1915 304 1947 donacio
334 1925 405 1945 mea
431 1915 463 1944 et
487 1911 642 1944 concessio
668 1921 738 1942 mea
768 1912 837 1941 rata
863 1935 868 1940 .
898 1909 1020 1941 stabilis
1052 1910 1084 1939 et
1114 1908 1298 1939 inconcussa
1321 1910 1505 1949 permaneat
1536 1933 1542 1939 .
1573 1908 1632 1940 hoe

171 1994 299 2027 presens
314 1982 466 2023 scriptum
481 1980 580 2023 sigilli
595 1979 658 2011 mei
674 1978 878 2021 impressione
894 1977 1052 2009 roboravi.
1100 1976 1176 2008 Hiis
1191 1975 1334 2008 testibus.

217 2051 437 2085 Endorsed—‘
451 2049 547 2081 Carta
562 2047 723 2090 Margerie
739 2046 803 2078 filie
821 2046 940 2088 Rogeri
957 2046 996 2078 de
1012 2044 1114 2077 tribus
1130 2045 1209 2077 acris
1225 2044 1329 2076 terre.’
