1820 2548
1506 135 1567 165 771

147 294 321 327 liberorum
336 297 368 327 et
383 294 520 327 aliorum
535 304 607 326 oum
617 292 796 325 redditibus
810 292 911 324 boscis
923 291 1022 334 pratis
1031 290 1156 333 pascuis
1166 290 1305 332 pasturis
1316 290 1508 322 molendinis
1520 289 1611 332 aquis

150 363 292 406 piscariis
307 363 366 395 viis
382 362 503 395 semitis
517 366 548 394 et
565 361 713 394 omnibus
728 361 799 392 aliis
819 361 861 392 ad
876 360 998 392 dictum
1013 359 1191 391 manerium
1207 358 1450 400 pertinentibus,
1466 361 1497 390 et
1513 357 1612 389 eciam

147 443 221 464 oum
256 431 404 463 omnibus
429 430 601 463 mobilibus
636 433 667 462 et
702 429 919 461 immobilibus
945 429 979 460 in
1004 428 1115 459 eodem
1139 427 1280 459 manerio
1304 426 1452 465 inventis,
1480 429 1510 457 et
1538 437 1610 457 cum

152 499 300 532 omnibus
322 499 426 531 bladis
449 499 612 531 seminatis
634 498 666 530 in
684 498 776 530 terris
791 497 959 529 dominicis
973 497 1108 528 manerii
1123 507 1189 528 ima
1203 507 1276 528 cum
1292 494 1440 527 omnibus
1454 494 1558 526 bladis
1579 494 1614 525 in

153 568 291 611 grangia
315 573 346 600 et
373 567 522 610 granario
547 566 757 599 existentibus
781 570 812 598 et
840 566 987 598 omnibus
1013 565 1083 596 aliis
1108 564 1203 596 rebus
1229 575 1290 606 que
1314 563 1406 596 nobis
1432 563 1616 605 contingere

152 639 305 679 poterunt
334 636 460 668 racione
489 636 574 667 dicte
604 635 745 667 custodie
775 634 901 666 heredis
929 633 1064 676 predicti
1094 632 1216 664 domini
1246 631 1381 664 Rom-:m
1412 632 1452 663 de
1479 630 1618 663 SOMERY

153 705 277 737 dudum
300 704 454 736 defuncti.
502 703 702 735 Hebendum
724 706 756 735 et
779 703 955 734 tenendum
978 702 1157 744 predictum
1180 701 1359 732 manerium
1383 712 1454 732 cum
1471 699 1619 731 omnibus

152 773 357 816 pertinenciis
372 773 437 805 suis
453 775 484 804 et
501 772 648 804 omnibus
663 772 755 804 bonis
770 776 802 803 et
826 771 919 803 rebus
942 770 1172 812 prenominatis
1195 770 1336 811 predicte
1352 769 1480 800 domine
1504 768 1618 800 ALmss

154 844 186 874 et
201 841 372 873 heredibus
387 841 452 873 suis
468 841 518 873 vel
534 842 599 872 suis
614 840 785 882 assignatis
801 843 831 871 et
854 839 1036 881 ubicmque
1052 839 1103 870 vel
1119 839 1295 879 cuicunque
1312 838 1431 869 dictam
1447 836 1623 868 custodiam

154 921 226 942 oum
250 909 398 941 omnibus
420 908 571 951 predictis
595 909 669 940 dare
689 908 827 940 vendere
849 908 957 950 legare
978 907 1028 939 vel
1054 907 1216 948 assignare
1238 905 1374 937 voluen't
1396 916 1414 936 a
1438 905 1490 936 die
1515 903 1625 936 Sancti

155 977 331 1010 STEPHANI
359 988 444 1009 anno
468 977 562 1020 regni
588 976 689 1019 Regis
714 976 884 1008 EDWARDI
909 978 1022 1018 quarto
1048 986 1148 1016 usque
1174 975 1214 1006 ad
1239 974 1368 1016 plenam
1392 979 1422 1005 et
1446 973 1626 1015 legitimam

156 1055 273 1084 etatem
296 1052 430 1084 Rosam
448 1052 486 1083 de
503 1051 642 1083 SOMERY
666 1051 724 1083 filii
740 1056 771 1083 et
794 1051 920 1082 heredis
941 1050 1114 1092 supradicti
1136 1049 1258 1081 domini
1281 1049 1415 1080 Romam
1437 1049 1476 1080 de
1497 1047 1627 1080 Scirum

157 1121 281 1152 dudum
298 1121 451 1152 defuncti.
500 1120 547 1151 Et
558 1131 615 1152 nos
631 1120 775 1162 predicta
792 1119 962 1151 MATILms
974 1119 1106 1150 heredes
1116 1122 1147 1150 et
1164 1117 1319 1159 assignati
1330 1117 1430 1148 nostri
1442 1116 1628 1148 warantiza-

157 1189 263 1221 bimus
286 1200 321 1221 ac
343 1188 559 1230 quietabimus
581 1191 612 1220 et
635 1189 845 1220 defendemus
871 1188 1048 1220 custodiam
1072 1185 1207 1229 predicti
1230 1185 1363 1217 manerii
1387 1196 1459 1217 cum
1483 1185 1630 1216 omnibus

158 1257 364 1300 pertinenciis
383 1261 415 1289 et
435 1257 582 1289 omnibus
604 1257 749 1299 superius
773 1256 946 1288 nominatis
968 1256 1107 1298 predicte
1131 1255 1258 1287 domine
1282 1255 1399 1286 ALINE
1415 1256 1446 1285 et
1463 1253 1632 1285 heredibus

156 1330 187 1358 et
209 1326 380 1369 assignatis
401 1326 466 1357 suis
489 1337 588 1368 usque
611 1326 653 1357 ad
674 1326 804 1367 plenam
825 1329 856 1357 et
879 1325 1062 1367 legitimam
1084 1326 1202 1355 etatem
1224 1323 1358 1365 predicti
1383 1323 1516 1354 Rom-:m
1540 1322 1627 1354 infra

159 1398 277 1428 etatem
293 1394 468 1426 existentis.
516 1394 558 1426 In
575 1394 665 1436 cujus
680 1394 726 1426 rei
749 1394 969 1426 testimonium
989 1393 1046 1425 has
1068 1393 1176 1424 literas
1195 1399 1320 1424 nostras
1339 1393 1480 1433 predicte
1501 1392 1630 1424 domine

158 1465 273 1497 Armi-1
294 1464 362 1496 fieri
377 1464 512 1496 fecimus
532 1467 687 1505 patentes.
735 1463 812 1494 Hiis
829 1463 964 1495 testibus
979 1489 985 1494 .
1001 1463 1131 1494 domino
1144 1461 1336 1493 Rinupno
1346 1460 1465 1492 BLUET
1477 1461 1606 1492 domino
1624 1487 1629 1492 .

156 1533 415 1565 eruommo
434 1532 473 1564 de
492 1532 524 1563 le.
543 1531 646 1563 Moru-3
668 1557 673 1563 .
692 1532 822 1563 domino
845 1530 972 1563 THOMA
990 1531 1029 1563 de
1055 1530 1270 1562 Bmucfflm
1290 1555 1295 1560 .
1315 1529 1444 1561 domino
1469 1529 1630 1561 Hssxmco

160 1602 199 1633 de
212 1601 444 1633 CHIKEHULLE
456 1626 462 1631 .
476 1600 634 1632 militibus
651 1626 656 1631 .
675 1600 863 1632 CLEMENTE
875 1600 914 1631 de
928 1599 1109 1632 anwons
1126 1598 1359 1630 constabulario
1372 1598 1411 1629 de
1424 1597 1526 1629 STRIG
1533 1608 1631 1629 ULmA

163 1672 195 1700 et
218 1668 299 1700 aliis.

207 1737 239 1768 A
255 1736 443 1778 parchment
467 1736 550 1769 labe]
575 1736 690 1769 carries
714 1748 733 1768 u
758 1737 923 1779 fragment
948 1736 982 1768 of
1007 1747 1025 1768 a
1049 1746 1147 1778 green
1169 1735 1242 1774 seal,
1267 1746 1353 1776 upon
1374 1733 1478 1765 which
1498 1745 1574 1775 may
1593 1733 1632 1765 be

162 1815 235 1836 seen
256 1816 275 1836 a
293 1804 522 1836 heater-shield
544 1805 683 1847 charged
699 1805 778 1836 with
797 1805 888 1836 three
911 1804 1072 1836 chevrons.
1131 1803 1174 1835 Of
1194 1803 1250 1835 the
1265 1803 1383 1845 legend
1399 1802 1537 1834 remains
1553 1802 1631 1843 only

165 1883 279 1905 GLocc.

206 1940 275 1973 The
291 1941 523 1980 endorsement,
536 1941 570 1972 in
587 1952 605 1972 a
620 1941 702 1973 later
718 1941 816 1980 hand,
833 1941 859 1973 is
873 1945 880 1958 ‘
893 1940 990 1973 Carta
1005 1940 1153 1973 Matildis
1169 1941 1209 1971 de
1225 1938 1318 1971 Clare
1343 1938 1501 1971 comitissa
1517 1937 1629 1970 Glouc'

157 2013 190 2042 et
212 2009 323 2042 Hertf’
341 2010 424 2041 sacta
445 2009 544 2041 Aliae
564 2010 593 2040 le
623 2010 803 2052 Despeuser
832 2010 988 2042 comitisse
1009 2009 1178 2042 Norfolkie
1200 2008 1341 2040 custodie
1362 2009 1400 2038 de
1419 2007 1560 2039 manerio
1585 2007 1624 2038 de

165 2077 369 2120 Dinaspowis
385 2077 431 2109 co'
450 2077 580 2109 Glam’.'

208 2152 288 2179 Alina,
307 2153 426 2175 Countcss
445 2152 470 2173 of
490 2151 593 2173 Noffclk
616 2151 704 2181 [Alina
724 2151 879 2182 Dispensar]‚
897 2152 954 2174 26th
972 2152 1036 2176 Dec..
1055 2138 1117 2178 1275,
1135 2158 1196 2179 gave
1211 2151 1238 2172 50
1253 2150 1333 2172 marks
1352 2150 1455 2177 sterling
1471 2154 1496 2171 t..
1515 2149 1624 2176 matilda,

173 2194 293 2216 Counoess
309 2195 334 2216 of
351 2194 495 2217 Glaucester
510 2194 557 2215 and
576 2194 702 2222 Remota,
714 2195 751 2216 for
767 2194 808 2216 the
820 2195 924 2223 custody
936 2195 961 2216 of
973 2194 1014 2216 thc
1026 2193 1113 2216 Mancr
1124 2193 1149 2215 οἱ
1162 2193 1236 2214 Diues
1249 2192 1338 2220 Powis,
1350 2191 1476 2220 including
1488 2191 1528 2213 the
1540 2191 1622 2218 mstle,

174 2235 234 2258 until
247 2237 289 2258 the
300 2236 398 2264 coming
409 2237 434 2258 of
446 2243 490 2263 :ige
502 2236 527 2257 of
542 2236 621 2264 Roget
632 2237 662 2258 de
674 2237 765 2258 Someri
778 2243 821 2258 son
834 2236 881 2258 and
893 2236 944 2258 heir
955 2236 980 2257 of
996 2236 1074 2264 Roger
1085 2236 1114 2256 «lu
1126 2234 1225 2258 Someri.
1237 2234 1312 2261 :³1er
1324 2233 1447 2256 decen-scd.
