<?xml version="1.0" encoding="UTF-8"?>
<!DOCTYPE html PUBLIC "-//W3C//DTD XHTML 1.0 Transitional//EN"
    "http://www.w3.org/TR/xhtml1/DTD/xhtml1-transitional.dtd">
<html xmlns="http://www.w3.org/1999/xhtml" xml:lang="en" lang="en">
 <head>
  <title>
</title>
<meta http-equiv="Content-Type" content="text/html;charset=utf-8" />
  <meta name='ocr-system' content='tesseract 3.04.00' />
  <meta name='ocr-capabilities' content='ocr_page ocr_carea ocr_par ocr_line ocrx_word'/>
</head>
<body>
  <div class='ocr_page' id='page_1' title='image "./cartaeetaliamuni03claruoft_0209.png"; bbox 0 0 1820 2548; ppageno 0'>
   <div class='ocr_carea' id='block_1_1' title="bbox 1556 189 1616 222">
    <p class='ocr_par' dir='ltr' id='par_1_1' title="bbox 1556 189 1616 222">
     <span class='ocr_line' id='line_1_1' title="bbox 1556 189 1616 222; baseline 0.033 -2"><span class='ocrx_word' id='word_1_1' title='bbox 1556 189 1616 222; x_wconf 88' lang='grc'>911</span> 
     </span>
    </p>
   </div>
   <div class='ocr_carea' id='block_1_2' title="bbox 802 380 1057 414">
    <p class='ocr_par' dir='ltr' id='par_1_2' title="bbox 802 380 1057 414">
     <span class='ocr_line' id='line_1_2' title="bbox 802 380 1057 414; baseline -0.004 0"><span class='ocrx_word' id='word_1_2' title='bbox 802 380 1057 414; x_wconf 82' lang='lat' dir='ltr'>DCOXOVIII.</span> 
     </span>
    </p>
   </div>
   <div class='ocr_carea' id='block_1_3' title="bbox 194 461 1662 639">
    <p class='ocr_par' dir='ltr' id='par_1_3' title="bbox 194 461 1662 639">
     <span class='ocr_line' id='line_1_3' title="bbox 194 461 1662 497; baseline 0.001 -3"><span class='ocrx_word' id='word_1_3' title='bbox 194 461 383 494; x_wconf 81' lang='lat' dir='ltr'>RECORD</span> <span class='ocrx_word' id='word_1_4' title='bbox 421 461 481 494; x_wconf 88' lang='lat' dir='ltr'>OF</span> <span class='ocrx_word' id='word_1_5' title='bbox 525 461 853 495; x_wconf 85' lang='lat' dir='ltr'><strong>PROCEEDINGS</strong></span> <span class='ocrx_word' id='word_1_6' title='bbox 898 462 961 495; x_wconf 79' lang='lat' dir='ltr'>AT</span> <span class='ocrx_word' id='word_1_7' title='bbox 999 462 1098 495; x_wconf 79' lang='lat' dir='ltr'>THE</span> <span class='ocrx_word' id='word_1_8' title='bbox 1137 462 1435 495; x_wconf 77' lang='lat' dir='ltr'><strong>GLAMORGAN</strong></span> <span class='ocrx_word' id='word_1_9' title='bbox 1469 463 1662 497; x_wconf 81' lang='lat' dir='ltr'><strong>OOUNTY</strong></span> 
     </span>
     <span class='ocr_line' id='line_1_4' title="bbox 304 529 1662 571; baseline 0.002 -9"><span class='ocrx_word' id='word_1_10' title='bbox 304 529 469 570; x_wconf 79' lang='lat' dir='ltr'>COURT‚</span> <span class='ocrx_word' id='word_1_11' title='bbox 493 530 680 562; x_wconf 85' lang='lat' dir='ltr'><strong>BEFORE</strong></span> <span class='ocrx_word' id='word_1_12' title='bbox 703 530 801 563; x_wconf 81' lang='lat' dir='ltr'>THE</span> <span class='ocrx_word' id='word_1_13' title='bbox 825 529 1033 563; x_wconf 84' lang='lat' dir='ltr'><strong>SHERIFF</strong></span> <span class='ocrx_word' id='word_1_14' title='bbox 1055 531 1157 564; x_wconf 88' lang='lat' dir='ltr'>AND</span> <span class='ocrx_word' id='word_1_15' title='bbox 1181 530 1399 571; x_wconf 53' lang='lat' dir='ltr'>GOUNOEQ</span> <span class='ocrx_word' id='word_1_16' title='bbox 1416 531 1662 565; x_wconf 79' lang='lat' dir='ltr'><strong>WHEREAT</strong></span> 
     </span>
     <span class='ocr_line' id='line_1_5' title="bbox 301 598 1661 639; baseline 0.002 -8"><span class='ocrx_word' id='word_1_17' title='bbox 301 598 539 631; x_wconf 80' lang='lat' dir='ltr'><strong>TRAHARN</strong></span> <span class='ocrx_word' id='word_1_18' title='bbox 583 598 674 639; x_wconf 87' lang='lat' dir='ltr'>WU,</span> <span class='ocrx_word' id='word_1_19' title='bbox 720 599 911 632; x_wconf 87' lang='lat' dir='ltr'><strong>BEDELL</strong></span> <span class='ocrx_word' id='word_1_20' title='bbox 965 599 1024 632; x_wconf 87' lang='lat' dir='ltr'>OF</span> <span class='ocrx_word' id='word_1_21' title='bbox 1078 599 1341 639; x_wconf 75' lang='lat' dir='ltr'>TYRIARTH,</span> <span class='ocrx_word' id='word_1_22' title='bbox 1386 600 1501 634; x_wconf 91' lang='lat' dir='ltr'>WHO</span> <span class='ocrx_word' id='word_1_23' title='bbox 1556 601 1661 634; x_wconf 80' lang='lat' dir='ltr'>HAJ)</span> 
     </span>
    </p>
   </div>
   <div class='ocr_carea' id='block_1_4' title="bbox 301 666 1659 708">
    <p class='ocr_par' dir='ltr' id='par_1_4' title="bbox 301 666 1659 708">
     <span class='ocr_line' id='line_1_6' title="bbox 301 666 1659 708; baseline 0.002 -9"><span class='ocrx_word' id='word_1_24' title='bbox 301 666 525 699; x_wconf 85' lang='lat' dir='ltr'>USURPED</span> <span class='ocrx_word' id='word_1_25' title='bbox 555 667 654 699; x_wconf 85' lang='lat' dir='ltr'>THE</span> <span class='ocrx_word' id='word_1_26' title='bbox 685 667 853 700; x_wconf 86' lang='lat' dir='ltr'><strong>OFFIOE</strong></span> <span class='ocrx_word' id='word_1_27' title='bbox 880 667 939 700; x_wconf 89' lang='lat' dir='ltr'>OF</span> <span class='ocrx_word' id='word_1_28' title='bbox 970 667 1201 708; x_wconf 77' lang='lat' dir='ltr'>OORONER,</span> <span class='ocrx_word' id='word_1_29' title='bbox 1225 668 1268 702; x_wconf 85' lang='lat' dir='ltr'>IS</span> <span class='ocrx_word' id='word_1_30' title='bbox 1298 668 1578 701; x_wconf 83' lang='lat' dir='ltr'>SENTENCED</span> <span class='ocrx_word' id='word_1_31' title='bbox 1602 669 1659 702; x_wconf 84' lang='grc' dir='ltr'>ΤΟ</span> 
     </span>
    </p>
   </div>
   <div class='ocr_carea' id='block_1_5' title="bbox 301 735 1124 836">
    <p class='ocr_par' dir='ltr' id='par_1_5' title="bbox 301 735 1124 836">
     <span class='ocr_line' id='line_1_7' title="bbox 301 735 678 768; baseline 0.003 -1"><span class='ocrx_word' id='word_1_32' title='bbox 301 735 678 768; x_wconf 66' lang='grc' dir='ltr'><strong>ΙΜΡΒῙΞΟΝΜῘΕΝΤ.</strong></span> 
     </span>
     <span class='ocr_line' id='line_1_8' title="bbox 732 791 1124 836; baseline 0 -12"><span class='ocrx_word' id='word_1_33' title='bbox 732 791 905 835; x_wconf 74' lang='lat' dir='ltr'>[MARGAM</span> <span class='ocrx_word' id='word_1_34' title='bbox 929 792 1124 836; x_wconf 62' lang='lat' dir='ltr'>CHARTER]</span> 
     </span>
    </p>
   </div>
   <div class='ocr_carea' id='block_1_6' title="bbox 345 872 1615 907">
    <p class='ocr_par' dir='ltr' id='par_1_6' title="bbox 345 872 1615 907">
     <span class='ocr_line' id='line_1_9' title="bbox 345 872 1615 907; baseline 0.002 -3"><span class='ocrx_word' id='word_1_35' title='bbox 345 872 498 904; x_wconf 76' lang='lat' dir='ltr'><strong>MONDAY</strong></span> <span class='ocrx_word' id='word_1_36' title='bbox 521 883 651 904; x_wconf 65' lang='lat' dir='ltr'>ezrom:</span> <span class='ocrx_word' id='word_1_37' title='bbox 675 872 726 905; x_wconf 83' lang='lat' dir='ltr'>ST.</span> <span class='ocrx_word' id='word_1_38' title='bbox 751 873 978 905; x_wconf 76' lang='lat' dir='ltr'>LAWRENCE&#39;S</span> <span class='ocrx_word' id='word_1_39' title='bbox 1001 873 1088 906; x_wconf 61' lang='lat' dir='ltr'>Du.</span> <span class='ocrx_word' id='word_1_40' title='bbox 1135 875 1154 905; x_wconf 87' lang='lat'><strong>3</strong></span> <span class='ocrx_word' id='word_1_41' title='bbox 1170 874 1259 906; x_wconf 73' lang='lat' dir='ltr'>Am.</span> <span class='ocrx_word' id='word_1_42' title='bbox 1306 875 1348 906; x_wconf 81' lang='lat'>27</span> <span class='ocrx_word' id='word_1_43' title='bbox 1364 874 1473 906; x_wconf 79' lang='lat' dir='ltr'>En.1.</span> <span class='ocrx_word' id='word_1_44' title='bbox 1522 876 1615 907; x_wconf 84' lang='lat'>1299.</span> 
     </span>
    </p>
   </div>
   <div class='ocr_carea' id='block_1_7' title="bbox 192 953 1666 2234">
    <p class='ocr_par' dir='ltr' id='par_1_7' title="bbox 192 953 1666 2234">
     <span class='ocr_line' id='line_1_10' title="bbox 237 953 1660 997; baseline 0.002 -12"><span class='ocrx_word' id='word_1_45' title='bbox 237 953 416 986; x_wconf 77' lang='lat' dir='ltr'>Comitatus</span> <span class='ocrx_word' id='word_1_46' title='bbox 441 954 481 986; x_wconf 91' lang='grc'>(19</span> <span class='ocrx_word' id='word_1_47' title='bbox 509 953 755 986; x_wconf 77' lang='lat' dir='ltr'>GLAMMARGAN</span> <span class='ocrx_word' id='word_1_48' title='bbox 786 956 895 986; x_wconf 86' lang='lat' dir='ltr'>tentus</span> <span class='ocrx_word' id='word_1_49' title='bbox 925 955 977 986; x_wconf 84' lang='lat' dir='ltr'>dic</span> <span class='ocrx_word' id='word_1_50' title='bbox 1007 954 1102 987; x_wconf 87' lang='lat' dir='ltr'>Lune</span> <span class='ocrx_word' id='word_1_51' title='bbox 1131 955 1279 997; x_wconf 80' lang='lat' dir='ltr'>proxima.</span> <span class='ocrx_word' id='word_1_52' title='bbox 1307 958 1382 987; x_wconf 83' lang='lat' dir='ltr'>ante</span> <span class='ocrx_word' id='word_1_53' title='bbox 1408 955 1528 988; x_wconf 81' lang='lat' dir='ltr'>festum</span> <span class='ocrx_word' id='word_1_54' title='bbox 1550 955 1660 989; x_wconf 73' lang='lat' dir='ltr'>Sancti</span> 
     </span>
     <span class='ocr_line' id='line_1_11' title="bbox 193 1021 1659 1066; baseline 0.002 -12"><span class='ocrx_word' id='word_1_55' title='bbox 193 1021 392 1055; x_wconf 77' lang='lat' dir='ltr'>LAURENTII</span> <span class='ocrx_word' id='word_1_56' title='bbox 425 1034 510 1055; x_wconf 79' lang='lat' dir='ltr'>anno</span> <span class='ocrx_word' id='word_1_57' title='bbox 547 1034 573 1054; x_wconf 92' lang='lat' dir='ltr'>r.</span> <span class='ocrx_word' id='word_1_58' title='bbox 605 1022 646 1055; x_wconf 83' lang='lat' dir='ltr'>R.</span> <span class='ocrx_word' id='word_1_59' title='bbox 678 1022 849 1055; x_wconf 62' lang='lat' dir='ltr'>Eowfflm</span> <span class='ocrx_word' id='word_1_60' title='bbox 880 1023 939 1055; x_wconf 85' lang='lat' dir='ltr'>filii</span> <span class='ocrx_word' id='word_1_61' title='bbox 970 1023 1070 1066; x_wconf 84' lang='lat' dir='ltr'>Regis</span> <span class='ocrx_word' id='word_1_62' title='bbox 1100 1023 1254 1056; x_wconf 76' lang='lat' dir='ltr'>HEmuCI</span> <span class='ocrx_word' id='word_1_63' title='bbox 1285 1024 1433 1057; x_wconf 89' lang='lat' dir='ltr'>vicesimo</span> <span class='ocrx_word' id='word_1_64' title='bbox 1463 1024 1598 1066; x_wconf 82' lang='lat' dir='ltr'>septimo</span> <span class='ocrx_word' id='word_1_65' title='bbox 1628 1028 1659 1058; x_wconf 87' lang='lat' dir='ltr'>et</span> 
     </span>
     <span class='ocr_line' id='line_1_12' title="bbox 193 1090 1660 1134; baseline 0.003 -12"><span class='ocrx_word' id='word_1_66' title='bbox 193 1101 278 1122; x_wconf 78' lang='lat' dir='ltr'>anno</span> <span class='ocrx_word' id='word_1_67' title='bbox 302 1090 534 1123; x_wconf 74' lang='lat' dir='ltr'>incarnacionis</span> <span class='ocrx_word' id='word_1_68' title='bbox 559 1091 716 1123; x_wconf 80' lang='lat' dir='ltr'>dominice</span> <span class='ocrx_word' id='word_1_69' title='bbox 740 1096 788 1123; x_wconf 65' lang='grc' dir='ltr'>Μο-</span> <span class='ocrx_word' id='word_1_70' title='bbox 819 1096 873 1123; x_wconf 80' lang='lat' dir='ltr'>cc0·</span> <span class='ocrx_word' id='word_1_71' title='bbox 903 1092 1110 1134; x_wconf 78' lang='lat' dir='ltr'>nonagesimo</span> <span class='ocrx_word' id='word_1_72' title='bbox 1136 1103 1221 1124; x_wconf 92' lang='lat' dir='ltr'>nono</span> <span class='ocrx_word' id='word_1_73' title='bbox 1236 1103 1342 1125; x_wconf 87' lang='lat' dir='ltr'>coram</span> <span class='ocrx_word' id='word_1_74' title='bbox 1367 1093 1497 1126; x_wconf 81' lang='lat' dir='ltr'>domino</span> <span class='ocrx_word' id='word_1_75' title='bbox 1519 1093 1660 1127; x_wconf 68' lang='lat' dir='ltr'>Summi:</span> 
     </span>
     <span class='ocr_line' id='line_1_13' title="bbox 192 1158 1659 1195; baseline 0.003 -5"><span class='ocrx_word' id='word_1_76' title='bbox 192 1158 232 1190; x_wconf 86' lang='lat' dir='ltr'>de</span> <span class='ocrx_word' id='word_1_77' title='bbox 248 1158 390 1191; x_wconf 64' lang='lat' dir='ltr'><strong>RALEYE</strong></span> <span class='ocrx_word' id='word_1_78' title='bbox 406 1159 589 1191; x_wconf 70' lang='lat' dir='ltr'>vicecomite</span> <span class='ocrx_word' id='word_1_79' title='bbox 604 1160 644 1191; x_wconf 86' lang='lat' dir='ltr'>de</span> <span class='ocrx_word' id='word_1_80' title='bbox 661 1159 907 1192; x_wconf 69' lang='lat' dir='ltr'><strong>GLAMMARGAN</strong></span> <span class='ocrx_word' id='word_1_81' title='bbox 925 1162 956 1192; x_wconf 87' lang='lat' dir='ltr'>et</span> <span class='ocrx_word' id='word_1_82' title='bbox 972 1171 1077 1192; x_wconf 85' lang='lat' dir='ltr'>coram</span> <span class='ocrx_word' id='word_1_83' title='bbox 1092 1160 1223 1192; x_wconf 86' lang='lat' dir='ltr'>consilio</span> <span class='ocrx_word' id='word_1_84' title='bbox 1238 1161 1360 1193; x_wconf 82' lang='lat' dir='ltr'>domini</span> <span class='ocrx_word' id='word_1_85' title='bbox 1375 1162 1500 1194; x_wconf 79' lang='lat' dir='ltr'>comitis</span> <span class='ocrx_word' id='word_1_86' title='bbox 1511 1163 1659 1195; x_wconf 84' lang='lat' dir='ltr'>videlicet</span> 
     </span>
     <span class='ocr_line' id='line_1_14' title="bbox 193 1226 1659 1272; baseline 0.002 -14"><span class='ocrx_word' id='word_1_87' title='bbox 193 1227 324 1259; x_wconf 89' lang='lat' dir='ltr'>domino</span> <span class='ocrx_word' id='word_1_88' title='bbox 348 1226 509 1259; x_wconf 55' lang='lat' dir='ltr'>Romano</span> <span class='ocrx_word' id='word_1_89' title='bbox 537 1228 576 1259; x_wconf 88' lang='grc'>(19</span> <span class='ocrx_word' id='word_1_90' title='bbox 603 1228 635 1259; x_wconf 80' lang='lat' dir='ltr'>la</span> <span class='ocrx_word' id='word_1_91' title='bbox 661 1227 797 1260; x_wconf 64' lang='lat' dir='ltr'>WAnnE</span> <span class='ocrx_word' id='word_1_92' title='bbox 826 1254 833 1260; x_wconf 89' lang='lat'>.</span> <span class='ocrx_word' id='word_1_93' title='bbox 859 1229 989 1261; x_wconf 87' lang='lat' dir='ltr'>domino</span> <span class='ocrx_word' id='word_1_94' title='bbox 1014 1228 1046 1261; x_wconf 87' lang='lat' dir='ltr'>J.</span> <span class='ocrx_word' id='word_1_95' title='bbox 1073 1229 1113 1261; x_wconf 88' lang='lat' dir='ltr'>de</span> <span class='ocrx_word' id='word_1_96' title='bbox 1143 1228 1261 1262; x_wconf 81' lang='lat' dir='ltr'>Sancto</span> <span class='ocrx_word' id='word_1_97' title='bbox 1289 1229 1312 1262; x_wconf 89' lang='lat' dir='ltr'><strong>J</strong></span> <span class='ocrx_word' id='word_1_98' title='bbox 1314 1240 1455 1262; x_wconf 73' lang='lat' dir='ltr'>OHANNE</span> <span class='ocrx_word' id='word_1_99' title='bbox 1492 1230 1619 1272; x_wconf 84' lang='lat' dir='ltr'>juniore</span> <span class='ocrx_word' id='word_1_100' title='bbox 1652 1254 1659 1261; x_wconf 95' lang='lat'><strong>.</strong></span> 
     </span>
     <span class='ocr_line' id='line_1_15' title="bbox 193 1295 1659 1332; baseline 0.003 -5"><span class='ocrx_word' id='word_1_101' title='bbox 193 1295 323 1328; x_wconf 84' lang='lat' dir='ltr'>domino</span> <span class='ocrx_word' id='word_1_102' title='bbox 339 1295 481 1328; x_wconf 59' lang='lat' dir='ltr'>Roomzo</span> <span class='ocrx_word' id='word_1_103' title='bbox 496 1295 596 1328; x_wconf 72' lang='lat' dir='ltr'>fratre</span> <span class='ocrx_word' id='word_1_104' title='bbox 611 1308 668 1328; x_wconf 88' lang='lat' dir='ltr'>suc</span> <span class='ocrx_word' id='word_1_105' title='bbox 685 1322 691 1328; x_wconf 93' lang='lat'><em>.</em></span> <span class='ocrx_word' id='word_1_106' title='bbox 709 1297 839 1329; x_wconf 89' lang='lat' dir='ltr'>domino</span> <span class='ocrx_word' id='word_1_107' title='bbox 855 1297 1015 1329; x_wconf 68' lang='lat' dir='ltr'>Ronssnro</span> <span class='ocrx_word' id='word_1_108' title='bbox 1036 1298 1076 1329; x_wconf 89' lang='grc'>(19</span> <span class='ocrx_word' id='word_1_109' title='bbox 1099 1297 1317 1330; x_wconf 70' lang='lat' dir='ltr'><strong>HALKETONE</strong></span> <span class='ocrx_word' id='word_1_110' title='bbox 1336 1323 1343 1330; x_wconf 87' lang='lat'>.</span> <span class='ocrx_word' id='word_1_111' title='bbox 1361 1299 1491 1332; x_wconf 82' lang='lat' dir='ltr'>domino</span> <span class='ocrx_word' id='word_1_112' title='bbox 1506 1299 1659 1332; x_wconf 80' lang='lat' dir='ltr'>HUGONE</span> 
     </span>
     <span class='ocr_line' id='line_1_16' title="bbox 193 1363 1662 1401; baseline 0.003 -6"><span class='ocrx_word' id='word_1_113' title='bbox 193 1364 234 1396; x_wconf 89' lang='grc'>(19</span> <span class='ocrx_word' id='word_1_114' title='bbox 264 1363 381 1396; x_wconf 76' lang='lat' dir='ltr'>Sancto</span> <span class='ocrx_word' id='word_1_115' title='bbox 417 1364 439 1396; x_wconf 83' lang='lat' dir='ltr'><strong>J</strong></span> <span class='ocrx_word' id='word_1_116' title='bbox 442 1375 583 1396; x_wconf 75' lang='lat' dir='ltr'><strong>OHANNE</strong></span> <span class='ocrx_word' id='word_1_117' title='bbox 615 1390 622 1397; x_wconf 90' lang='lat'>.</span> <span class='ocrx_word' id='word_1_118' title='bbox 654 1365 785 1397; x_wconf 89' lang='lat' dir='ltr'>domino</span> <span class='ocrx_word' id='word_1_119' title='bbox 822 1365 983 1398; x_wconf 79' lang='lat' dir='ltr'>ROBERTO</span> <span class='ocrx_word' id='word_1_120' title='bbox 1020 1366 1187 1398; x_wconf 64' lang='lat' dir='ltr'>Bfflnnm</span> <span class='ocrx_word' id='word_1_121' title='bbox 1218 1392 1225 1399; x_wconf 90' lang='lat'>.</span> <span class='ocrx_word' id='word_1_122' title='bbox 1264 1367 1394 1400; x_wconf 87' lang='lat' dir='ltr'>dominc</span> <span class='ocrx_word' id='word_1_123' title='bbox 1432 1367 1592 1400; x_wconf 65' lang='lat' dir='ltr'>Romam</span> <span class='ocrx_word' id='word_1_124' title='bbox 1621 1369 1662 1401; x_wconf 89' lang='lat' dir='ltr'>de</span> 
     </span>
     <span class='ocr_line' id='line_1_17' title="bbox 195 1431 1661 1478; baseline 0.003 -13"><span class='ocrx_word' id='word_1_125' title='bbox 195 1431 387 1465; x_wconf 77' lang='lat' dir='ltr'>GRENDONE</span> <span class='ocrx_word' id='word_1_126' title='bbox 413 1432 570 1465; x_wconf 82' lang='lat' dir='ltr'>militibus</span> <span class='ocrx_word' id='word_1_127' title='bbox 594 1459 600 1465; x_wconf 87' lang='lat'>.</span> <span class='ocrx_word' id='word_1_128' title='bbox 624 1433 779 1476; x_wconf 79' lang='lat' dir='ltr'>magistro</span> <span class='ocrx_word' id='word_1_129' title='bbox 800 1433 926 1466; x_wconf 63' lang='lat' dir='ltr'>&#39;raom</span> <span class='ocrx_word' id='word_1_130' title='bbox 946 1435 986 1466; x_wconf 88' lang='lat' dir='ltr'>de</span> <span class='ocrx_word' id='word_1_131' title='bbox 1009 1434 1204 1466; x_wconf 67' lang='lat' dir='ltr'>Pcmsnoxn</span> <span class='ocrx_word' id='word_1_132' title='bbox 1229 1461 1235 1467; x_wconf 93' lang='lat'>.</span> <span class='ocrx_word' id='word_1_133' title='bbox 1259 1436 1413 1478; x_wconf 75' lang='lat' dir='ltr'>magistro</span> <span class='ocrx_word' id='word_1_134' title='bbox 1436 1436 1598 1468; x_wconf 75' lang='lat' dir='ltr'>HEcho</span> <span class='ocrx_word' id='word_1_135' title='bbox 1621 1438 1661 1469; x_wconf 90' lang='grc'>(19</span> 
     </span>
     <span class='ocr_line' id='line_1_18' title="bbox 195 1499 1661 1537; baseline 0.003 -4"><span class='ocrx_word' id='word_1_136' title='bbox 195 1499 407 1533; x_wconf 68' lang='lat' dir='ltr'>LANCARVAN</span> <span class='ocrx_word' id='word_1_137' title='bbox 425 1525 431 1532; x_wconf 90' lang='lat'><strong><em>.</em></strong></span> <span class='ocrx_word' id='word_1_138' title='bbox 449 1501 578 1532; x_wconf 82' lang='lat' dir='ltr'>domino</span> <span class='ocrx_word' id='word_1_139' title='bbox 595 1500 755 1533; x_wconf 69' lang='lat' dir='ltr'>Rommo</span> <span class='ocrx_word' id='word_1_140' title='bbox 771 1502 810 1534; x_wconf 88' lang='lat' dir='ltr'>de</span> <span class='ocrx_word' id='word_1_141' title='bbox 834 1501 1061 1534; x_wconf 75' lang='lat' dir='ltr'>CHENINTONE</span> <span class='ocrx_word' id='word_1_142' title='bbox 1086 1528 1093 1534; x_wconf 90' lang='lat'><strong><em>.</em></strong></span> <span class='ocrx_word' id='word_1_143' title='bbox 1117 1503 1247 1535; x_wconf 86' lang='lat' dir='ltr'>domino</span> <span class='ocrx_word' id='word_1_144' title='bbox 1270 1503 1293 1536; x_wconf 89' lang='lat' dir='ltr'><strong>J</strong></span> <span class='ocrx_word' id='word_1_145' title='bbox 1295 1515 1436 1536; x_wconf 77' lang='lat' dir='ltr'><strong>OHANNE</strong></span> <span class='ocrx_word' id='word_1_146' title='bbox 1459 1505 1498 1536; x_wconf 87' lang='lat' dir='ltr'>de</span> <span class='ocrx_word' id='word_1_147' title='bbox 1522 1505 1661 1537; x_wconf 66' lang='lat' dir='ltr'>Bmmns</span> 
     </span>
     <span class='ocr_line' id='line_1_19' title="bbox 194 1569 1662 1613; baseline 0.003 -12"><span class='ocrx_word' id='word_1_148' title='bbox 194 1569 323 1602; x_wconf 78' lang='lat' dir='ltr'>clericis,</span> <span class='ocrx_word' id='word_1_149' title='bbox 370 1569 455 1604; x_wconf 79' lang='lat' dir='ltr'>Quia</span> <span class='ocrx_word' id='word_1_150' title='bbox 474 1572 561 1602; x_wconf 83' lang='lat' dir='ltr'>totus</span> <span class='ocrx_word' id='word_1_151' title='bbox 581 1570 750 1603; x_wconf 77' lang='lat' dir='ltr'>comitatus</span> <span class='ocrx_word' id='word_1_152' title='bbox 768 1573 905 1603; x_wconf 79' lang='lat' dir='ltr'>testatur</span> <span class='ocrx_word' id='word_1_153' title='bbox 924 1572 1010 1613; x_wconf 90' lang='lat' dir='ltr'>quod</span> <span class='ocrx_word' id='word_1_154' title='bbox 1032 1571 1129 1604; x_wconf 79' lang='lat' dir='ltr'>abbas</span> <span class='ocrx_word' id='word_1_155' title='bbox 1154 1573 1194 1604; x_wconf 90' lang='lat' dir='ltr'>de</span> <span class='ocrx_word' id='word_1_156' title='bbox 1218 1572 1372 1604; x_wconf 70' lang='lat' dir='ltr'>MARGAN</span> <span class='ocrx_word' id='word_1_157' title='bbox 1396 1575 1483 1605; x_wconf 86' lang='lat' dir='ltr'>tenet</span> <span class='ocrx_word' id='word_1_158' title='bbox 1504 1576 1536 1605; x_wconf 89' lang='lat' dir='ltr'>et</span> <span class='ocrx_word' id='word_1_159' title='bbox 1556 1574 1662 1607; x_wconf 86' lang='lat' dir='ltr'>tenuit</span> 
     </span>
     <span class='ocr_line' id='line_1_20' title="bbox 195 1640 1659 1685; baseline 0.003 -14"><span class='ocrx_word' id='word_1_160' title='bbox 195 1649 304 1671; x_wconf 85' lang='lat' dir='ltr'>omnes</span> <span class='ocrx_word' id='word_1_161' title='bbox 329 1640 430 1670; x_wconf 73' lang='lat' dir='ltr'>terras</span> <span class='ocrx_word' id='word_1_162' title='bbox 452 1641 483 1670; x_wconf 90' lang='lat' dir='ltr'>et</span> <span class='ocrx_word' id='word_1_163' title='bbox 504 1640 688 1671; x_wconf 80' lang='lat' dir='ltr'>tenementa</span> <span class='ocrx_word' id='word_1_164' title='bbox 709 1651 766 1671; x_wconf 81' lang='lat' dir='ltr'>sua</span> <span class='ocrx_word' id='word_1_165' title='bbox 786 1641 826 1672; x_wconf 89' lang='lat' dir='ltr'>de</span> <span class='ocrx_word' id='word_1_166' title='bbox 846 1640 1000 1672; x_wconf 78' lang='lat' dir='ltr'>comitatu</span> <span class='ocrx_word' id='word_1_167' title='bbox 1021 1641 1061 1672; x_wconf 89' lang='grc'>(19</span> <span class='ocrx_word' id='word_1_168' title='bbox 1084 1640 1254 1673; x_wconf 79' lang='lat' dir='ltr'><strong>KAERDYF</strong></span> <span class='ocrx_word' id='word_1_169' title='bbox 1276 1641 1311 1673; x_wconf 87' lang='lat' dir='ltr'>in</span> <span class='ocrx_word' id='word_1_170' title='bbox 1338 1642 1440 1684; x_wconf 79' lang='lat' dir='ltr'>capite</span> <span class='ocrx_word' id='word_1_171' title='bbox 1472 1668 1477 1674; x_wconf 91' lang='lat'>.</span> <span class='ocrx_word' id='word_1_172' title='bbox 1504 1642 1549 1674; x_wconf 85' lang='lat' dir='ltr'>Et</span> <span class='ocrx_word' id='word_1_173' title='bbox 1573 1644 1659 1685; x_wconf 88' lang='lat' dir='ltr'>quod</span> 
     </span>
     <span class='ocr_line' id='line_1_21' title="bbox 193 1706 1660 1749; baseline 0.005 -12"><span class='ocrx_word' id='word_1_174' title='bbox 193 1706 279 1739; x_wconf 88' lang='lat' dir='ltr'>idem</span> <span class='ocrx_word' id='word_1_175' title='bbox 305 1706 402 1738; x_wconf 82' lang='lat' dir='ltr'>abbas</span> <span class='ocrx_word' id='word_1_176' title='bbox 430 1707 634 1749; x_wconf 79' lang='lat' dir='ltr'>respondebit</span> <span class='ocrx_word' id='word_1_177' title='bbox 660 1708 695 1740; x_wconf 88' lang='lat' dir='ltr'>in</span> <span class='ocrx_word' id='word_1_178' title='bbox 726 1709 891 1741; x_wconf 84' lang='lat' dir='ltr'>comitatui</span> <span class='ocrx_word' id='word_1_179' title='bbox 916 1710 956 1741; x_wconf 86' lang='lat' dir='ltr'>de</span> <span class='ocrx_word' id='word_1_180' title='bbox 987 1709 1157 1741; x_wconf 78' lang='lat' dir='ltr'><strong>KAERDYF</strong></span> <span class='ocrx_word' id='word_1_181' title='bbox 1183 1712 1214 1741; x_wconf 88' lang='lat' dir='ltr'>et</span> <span class='ocrx_word' id='word_1_182' title='bbox 1241 1721 1305 1742; x_wconf 90' lang='lat' dir='ltr'>non</span> <span class='ocrx_word' id='word_1_183' title='bbox 1335 1710 1413 1742; x_wconf 85' lang='lat' dir='ltr'>alibi</span> <span class='ocrx_word' id='word_1_184' title='bbox 1443 1712 1483 1743; x_wconf 88' lang='grc'>(19</span> <span class='ocrx_word' id='word_1_185' title='bbox 1513 1711 1660 1744; x_wconf 88' lang='lat' dir='ltr'>omnibus</span> 
     </span>
     <span class='ocr_line' id='line_1_22' title="bbox 194 1774 1662 1820; baseline 0.002 -12"><span class='ocrx_word' id='word_1_186' title='bbox 194 1774 288 1808; x_wconf 82' lang='lat' dir='ltr'>terris</span> <span class='ocrx_word' id='word_1_187' title='bbox 307 1777 338 1807; x_wconf 89' lang='lat' dir='ltr'>et</span> <span class='ocrx_word' id='word_1_188' title='bbox 360 1776 552 1807; x_wconf 81' lang='lat' dir='ltr'>tenementis</span> <span class='ocrx_word' id='word_1_189' title='bbox 578 1777 643 1808; x_wconf 84' lang='lat' dir='ltr'>suis</span> <span class='ocrx_word' id='word_1_190' title='bbox 665 1778 816 1819; x_wconf 80' lang='lat' dir='ltr'>predictis</span> <span class='ocrx_word' id='word_1_191' title='bbox 851 1803 857 1809; x_wconf 89' lang='lat'>.</span> <span class='ocrx_word' id='word_1_192' title='bbox 886 1777 932 1810; x_wconf 84' lang='lat' dir='ltr'>Et</span> <span class='ocrx_word' id='word_1_193' title='bbox 954 1779 1040 1820; x_wconf 90' lang='lat' dir='ltr'>quod</span> <span class='ocrx_word' id='word_1_194' title='bbox 1063 1778 1204 1810; x_wconf 75' lang='lat' dir='ltr'>famulus</span> <span class='ocrx_word' id='word_1_195' title='bbox 1230 1779 1399 1811; x_wconf 79' lang='lat' dir='ltr'>comitatus</span> <span class='ocrx_word' id='word_1_196' title='bbox 1428 1780 1468 1811; x_wconf 92' lang='lat' dir='ltr'>de</span> <span class='ocrx_word' id='word_1_197' title='bbox 1492 1779 1662 1812; x_wconf 74' lang='lat' dir='ltr'><strong>KAERDYF</strong></span> 
     </span>
     <span class='ocr_line' id='line_1_23' title="bbox 195 1843 1663 1889; baseline 0.004 -15"><span class='ocrx_word' id='word_1_198' title='bbox 195 1843 378 1885; x_wconf 86' lang='lat' dir='ltr'>quicunque</span> <span class='ocrx_word' id='word_1_199' title='bbox 402 1843 499 1875; x_wconf 75' lang='lat' dir='ltr'>fuerit</span> <span class='ocrx_word' id='word_1_200' title='bbox 523 1844 618 1877; x_wconf 85' lang='lat' dir='ltr'>faciet</span> <span class='ocrx_word' id='word_1_201' title='bbox 641 1845 779 1878; x_wconf 89' lang='lat' dir='ltr'>officium</span> <span class='ocrx_word' id='word_1_202' title='bbox 810 1847 1004 1879; x_wconf 80' lang='lat' dir='ltr'>coronatoris</span> <span class='ocrx_word' id='word_1_203' title='bbox 1026 1846 1144 1889; x_wconf 88' lang='lat' dir='ltr'>ubique</span> <span class='ocrx_word' id='word_1_204' title='bbox 1174 1859 1231 1889; x_wconf 88' lang='lat' dir='ltr'>per</span> <span class='ocrx_word' id='word_1_205' title='bbox 1260 1850 1362 1879; x_wconf 81' lang='lat' dir='ltr'>totam</span> <span class='ocrx_word' id='word_1_206' title='bbox 1391 1851 1509 1879; x_wconf 87' lang='lat' dir='ltr'>terram</span> <span class='ocrx_word' id='word_1_207' title='bbox 1539 1848 1663 1880; x_wconf 77' lang='lat' dir='ltr'>abbatis</span> 
     </span>
     <span class='ocr_line' id='line_1_24' title="bbox 196 1912 1663 1959; baseline 0.003 -16"><span class='ocrx_word' id='word_1_208' title='bbox 196 1912 236 1944; x_wconf 86' lang='lat' dir='ltr'>de</span> <span class='ocrx_word' id='word_1_209' title='bbox 261 1912 414 1944; x_wconf 69' lang='lat' dir='ltr'>MARGAN</span> <span class='ocrx_word' id='word_1_210' title='bbox 438 1916 468 1944; x_wconf 90' lang='lat' dir='ltr'>et</span> <span class='ocrx_word' id='word_1_211' title='bbox 496 1913 604 1944; x_wconf 85' lang='lat' dir='ltr'>nullus</span> <span class='ocrx_word' id='word_1_212' title='bbox 628 1913 719 1945; x_wconf 81' lang='lat' dir='ltr'>alius.</span> <span class='ocrx_word' id='word_1_213' title='bbox 766 1913 1010 1947; x_wconf 80' lang='lat' dir='ltr'>consideratum</span> <span class='ocrx_word' id='word_1_214' title='bbox 1035 1917 1083 1947; x_wconf 89' lang='lat' dir='ltr'>est</span> <span class='ocrx_word' id='word_1_215' title='bbox 1113 1927 1169 1958; x_wconf 87' lang='lat' dir='ltr'>per</span> <span class='ocrx_word' id='word_1_216' title='bbox 1199 1916 1336 1947; x_wconf 90' lang='lat' dir='ltr'>eundem</span> <span class='ocrx_word' id='word_1_217' title='bbox 1365 1916 1552 1948; x_wconf 79' lang='lat' dir='ltr'>comitatum</span> <span class='ocrx_word' id='word_1_218' title='bbox 1577 1918 1663 1959; x_wconf 90' lang='lat' dir='ltr'>quod</span> 
     </span>
     <span class='ocr_line' id='line_1_25' title="bbox 196 1979 1662 2027; baseline 0.003 -14"><span class='ocrx_word' id='word_1_219' title='bbox 196 1979 369 2013; x_wconf 72' lang='lat' dir='ltr'>TRAHARN</span> <span class='ocrx_word' id='word_1_220' title='bbox 395 1980 463 2013; x_wconf 79' lang='lat' dir='ltr'>Wu</span> <span class='ocrx_word' id='word_1_221' title='bbox 490 1980 651 2024; x_wconf 77' lang='lat' dir='ltr'><em>[probably</em></span> <span class='ocrx_word' id='word_1_222' title='bbox 676 1984 705 2013; x_wconf 75' lang='lat' dir='ltr'>in</span> <span class='ocrx_word' id='word_1_223' title='bbox 729 1994 816 2015; x_wconf 84' lang='lat' dir='ltr'>error</span> <span class='ocrx_word' id='word_1_224' title='bbox 829 1985 888 2022; x_wconf 78' lang='lat' dir='ltr'>fm-</span> <span class='ocrx_word' id='word_1_225' title='bbox 910 1983 984 2026; x_wconf 76' lang='lat' dir='ltr'>Du]</span> <span class='ocrx_word' id='word_1_226' title='bbox 1009 1984 1154 2016; x_wconf 85' lang='lat' dir='ltr'>bedellus</span> <span class='ocrx_word' id='word_1_227' title='bbox 1176 1983 1359 2016; x_wconf 77' lang='lat' dir='ltr'><strong>TYRIARTH</strong></span> <span class='ocrx_word' id='word_1_228' title='bbox 1382 1985 1437 2027; x_wconf 85' lang='lat' dir='ltr'>qui</span> <span class='ocrx_word' id='word_1_229' title='bbox 1460 1985 1537 2017; x_wconf 82' lang='lat' dir='ltr'>fecit</span> <span class='ocrx_word' id='word_1_230' title='bbox 1559 1986 1662 2018; x_wconf 85' lang='lat' dir='ltr'>visum</span> 
     </span>
     <span class='ocr_line' id='line_1_26' title="bbox 197 2049 1664 2094; baseline 0.003 -13"><span class='ocrx_word' id='word_1_231' title='bbox 197 2049 390 2082; x_wconf 73' lang='lat' dir='ltr'>coronatoris</span> <span class='ocrx_word' id='word_1_232' title='bbox 413 2050 452 2081; x_wconf 89' lang='lat' dir='ltr'>de</span> <span class='ocrx_word' id='word_1_233' title='bbox 476 2049 646 2081; x_wconf 74' lang='lat' dir='ltr'>Pmmpo</span> <span class='ocrx_word' id='word_1_234' title='bbox 668 2050 806 2083; x_wconf 76' lang='lat' dir='ltr'>SPARKE</span> <span class='ocrx_word' id='word_1_235' title='bbox 830 2051 885 2094; x_wconf 90' lang='lat' dir='ltr'>qui</span> <span class='ocrx_word' id='word_1_236' title='bbox 916 2063 1084 2094; x_wconf 84' lang='lat' dir='ltr'>oppressus</span> <span class='ocrx_word' id='word_1_237' title='bbox 1106 2052 1171 2085; x_wconf 77' lang='lat' dir='ltr'>fuit</span> <span class='ocrx_word' id='word_1_238' title='bbox 1193 2052 1227 2084; x_wconf 90' lang='lat' dir='ltr'>in</span> <span class='ocrx_word' id='word_1_239' title='bbox 1251 2053 1491 2086; x_wconf 75' lang='lat' dir='ltr'>CUMKENEFEG</span> <span class='ocrx_word' id='word_1_240' title='bbox 1515 2054 1548 2086; x_wconf 88' lang='lat' dir='ltr'>in</span> <span class='ocrx_word' id='word_1_241' title='bbox 1571 2054 1664 2087; x_wconf 82' lang='lat' dir='ltr'>bosco</span> 
     </span>
     <span class='ocr_line' id='line_1_27' title="bbox 199 2116 1666 2164; baseline 0.005 -16"><span class='ocrx_word' id='word_1_242' title='bbox 199 2117 334 2160; x_wconf 84' lang='lat' dir='ltr'>predicti</span> <span class='ocrx_word' id='word_1_243' title='bbox 363 2116 488 2150; x_wconf 80' lang='lat' dir='ltr'>abbatis</span> <span class='ocrx_word' id='word_1_244' title='bbox 518 2118 574 2160; x_wconf 86' lang='lat' dir='ltr'>qui</span> <span class='ocrx_word' id='word_1_245' title='bbox 604 2121 651 2151; x_wconf 84' lang='lat' dir='ltr'>est</span> <span class='ocrx_word' id='word_1_246' title='bbox 679 2119 767 2151; x_wconf 82' lang='lat' dir='ltr'>infra</span> <span class='ocrx_word' id='word_1_247' title='bbox 796 2121 983 2152; x_wconf 72' lang='lat' dir='ltr'>comitatum</span> <span class='ocrx_word' id='word_1_248' title='bbox 1008 2121 1041 2153; x_wconf 91' lang='lat' dir='ltr'>in</span> <span class='ocrx_word' id='word_1_249' title='bbox 1069 2121 1284 2164; x_wconf 86' lang='lat' dir='ltr'>prejudicium</span> <span class='ocrx_word' id='word_1_250' title='bbox 1311 2121 1468 2154; x_wconf 78' lang='lat' dir='ltr'>libertatis</span> <span class='ocrx_word' id='word_1_251' title='bbox 1497 2123 1666 2155; x_wconf 78' lang='lat' dir='ltr'>comitatus</span> 
     </span>
     <span class='ocr_line' id='line_1_28' title="bbox 196 2185 1662 2234; baseline 0.005 -18"><span class='ocrx_word' id='word_1_252' title='bbox 196 2185 332 2228; x_wconf 82' lang='lat' dir='ltr'>predicti</span> <span class='ocrx_word' id='word_1_253' title='bbox 357 2211 364 2217; x_wconf 94' lang='lat'>.</span> <span class='ocrx_word' id='word_1_254' title='bbox 389 2186 445 2228; x_wconf 86' lang='lat' dir='ltr'>qui</span> <span class='ocrx_word' id='word_1_255' title='bbox 469 2187 510 2218; x_wconf 79' lang='lat' dir='ltr'>ad</span> <span class='ocrx_word' id='word_1_256' title='bbox 532 2186 591 2219; x_wconf 89' lang='lat' dir='ltr'>hoc</span> <span class='ocrx_word' id='word_1_257' title='bbox 614 2199 678 2219; x_wconf 88' lang='lat' dir='ltr'>non</span> <span class='ocrx_word' id='word_1_258' title='bbox 701 2187 765 2220; x_wconf 86' lang='lat' dir='ltr'>fuit</span> <span class='ocrx_word' id='word_1_259' title='bbox 787 2189 960 2230; x_wconf 79' lang='lat' dir='ltr'>deputatus</span> <span class='ocrx_word' id='word_1_260' title='bbox 983 2201 1042 2221; x_wconf 91' lang='lat' dir='ltr'>nec</span> <span class='ocrx_word' id='word_1_261' title='bbox 1064 2190 1246 2232; x_wconf 81' lang='lat' dir='ltr'>assignatus</span> <span class='ocrx_word' id='word_1_262' title='bbox 1264 2191 1461 2223; x_wconf 82' lang='lat' dir='ltr'>custodiatur</span> <span class='ocrx_word' id='word_1_263' title='bbox 1476 2191 1510 2223; x_wconf 89' lang='lat' dir='ltr'>in</span> <span class='ocrx_word' id='word_1_264' title='bbox 1525 2191 1662 2234; x_wconf 77' lang='lat' dir='ltr'>prisona.</span> 
     </span>
    </p>
   </div>
   <div class='ocr_carea' id='block_1_8' title="bbox 197 2252 1665 2298">
    <p class='ocr_par' dir='ltr' id='par_1_8' title="bbox 197 2252 1665 2298">
     <span class='ocr_line' id='line_1_29' title="bbox 197 2252 1665 2298; baseline 0.005 -14"><span class='ocrx_word' id='word_1_265' title='bbox 197 2252 239 2285; x_wconf 93' lang='lat' dir='ltr'>In</span> <span class='ocrx_word' id='word_1_266' title='bbox 255 2253 348 2295; x_wconf 85' lang='lat' dir='ltr'>cujus</span> <span class='ocrx_word' id='word_1_267' title='bbox 363 2254 408 2286; x_wconf 88' lang='lat' dir='ltr'>rei</span> <span class='ocrx_word' id='word_1_268' title='bbox 425 2255 644 2287; x_wconf 83' lang='lat' dir='ltr'>testimonium</span> <span class='ocrx_word' id='word_1_269' title='bbox 660 2256 859 2298; x_wconf 81' lang='lat' dir='ltr'>presentibus</span> <span class='ocrx_word' id='word_1_270' title='bbox 881 2258 1030 2290; x_wconf 76' lang='lat' dir='ltr'>dominus</span> <span class='ocrx_word' id='word_1_271' title='bbox 1046 2257 1164 2290; x_wconf 65' lang='lat' dir='ltr'>Smon</span> <span class='ocrx_word' id='word_1_272' title='bbox 1185 2259 1224 2291; x_wconf 86' lang='lat' dir='ltr'>de</span> <span class='ocrx_word' id='word_1_273' title='bbox 1241 2258 1384 2291; x_wconf 66' lang='lat' dir='ltr'>RAffln</span> <span class='ocrx_word' id='word_1_274' title='bbox 1400 2261 1478 2291; x_wconf 85' lang='lat' dir='ltr'>tunc</span> <span class='ocrx_word' id='word_1_275' title='bbox 1494 2259 1665 2292; x_wconf 81' lang='lat' dir='ltr'>vicecomes</span> 
     </span>
    </p>
   </div>
  </div>
 </body>
</html>
