1820 2548
210 169 272 200 762

165 325 274 357 ceteris
304 325 343 357 de
369 325 605 358 WAlfficussmA
635 325 779 356 salutem.
842 323 923 356 Cum
955 324 1073 366 pluries
1102 324 1336 357 inhibuerimus
1365 324 1521 357 Lnumno
1556 325 1621 358 filio

165 393 328 425 GRH-'rixi
357 393 498 435 Prinoipi
529 393 675 425 WALLOE
706 404 746 424 ne
777 393 892 424 dilecto
923 396 954 424 et
985 393 1071 424 fideli
1098 396 1205 425 nostro
1231 393 1269 425 G.
1298 393 1338 424 de
1374 393 1487 425 Omma
1515 394 1623 426 comiti

165 461 289 493 Grore’
306 464 338 493 et
354 461 488 493 Ht-:Rrr'
508 464 563 493 aut
585 461 677 492 certis
701 460 938 492 marchionibus
962 461 1078 492 nostris
1092 472 1148 503 per
1168 461 1273 502 ipsum
1292 461 1342 492 vel
1358 472 1430 493 suos
1444 462 1622 494 molestiam

164 541 219 561 seu
242 540 413 571 gravamen
437 529 568 560 inferret
593 530 642 560 vel
664 529 776 560 inferri
799 528 998 570 permitteret
1021 531 1130 561 contra
1153 529 1289 560 formam
1313 529 1398 571 pacis
1419 529 1503 561 inter
1518 540 1575 562 nos
1590 531 1623 562 et

163 598 267 640 ipsum
289 597 476 629 Lusus-cn
507 597 585 628 inite
609 600 638 628 et
662 597 786 628 firmate
809 599 839 628 et
866 596 1012 628 similiter
1034 596 1266 629 inhibuerimus
1289 597 1414 638 prefato
1443 597 1551 629 comiti
1581 608 1622 629 ne

163 666 287 708 prefato
318 665 474 697 meo
504 665 680 706 dampnum
710 664 828 696 inferat
859 667 968 696 contra
1006 665 1142 697 formam
1181 665 1266 707 pacis
1299 665 1443 707 ejusdem
1473 677 1508 697 ac
1537 666 1623 698 idem

162 734 339 766 Lusum-s
359 746 369 776 J
376 745 426 765 am
448 737 640 776 congregato
660 733 801 765 exercitu
824 735 855 764 ct
873 744 962 774 posse
985 744 1040 765 suo
1056 744 1128 765 oum
1144 733 1268 765 vexillis
1284 733 1459 775 displicatis
1474 733 1508 765 in
1523 744 1622 765 manu

162 803 238 834 forti
261 807 399 833 castrum
420 802 517 843 ipsius
538 801 662 833 comitis
682 802 721 832 de
743 800 916 832 KAERHLI
940 803 972 832 et
993 801 1070 832 alibi
1085 804 1184 833 terras
1206 801 1305 843 ipsius
1327 801 1450 833 comitis
1472 801 1622 834 invadere

160 875 192 902 et
213 871 352 912 dampna
373 869 560 912 gravissima
580 869 682 900 facere
704 873 860 911 proponat
888 880 923 899 nc
946 869 972 900 si
999 880 1114 911 guerra
1139 869 1315 901 communis
1342 872 1423 901 esset
1448 869 1523 901 hinc
1545 869 1622 901 inde

161 939 309 970 sus‹»itata
325 941 356 970 et
374 938 515 979 profatus
530 948 632 969 comes
648 937 681 967 in
698 937 859 978 presencia
874 939 983 968 nostra
1009 937 1199 968 constitutus
1220 937 1372 979 optulerit
1388 949 1420 969 se
1435 938 1623 979 respondere

161 1006 285 1049 prefato
298 1005 454 1037 Lumxxo
467 1008 496 1036 et
509 1005 580 1037 aliis
592 1006 630 1036 dc
642 1005 710 1047 ipso
722 1005 773 1036 vel
789 1006 828 1037 de
844 1005 908 1037 suis
924 1005 1190 1047 conquerentibus
1206 1016 1261 1037 seu
1276 1005 1428 1047 conqueri
1443 1005 1622 1037 volentibus

161 1075 201 1106 de
216 1073 518 1116 transgressionibus
533 1077 564 1105 et
580 1073 672 1105 factis
687 1073 752 1104 suis
768 1076 800 1104 et
814 1083 943 1105 suorum
958 1084 1231 1115 quorumcumque
1248 1073 1323 1105 inde
1338 1075 1460 1105 rectum
1475 1073 1621 1105 faciendo

157 1147 188 1175 et
204 1150 326 1174 rectum
341 1143 493 1184 capiendo
509 1145 540 1173 et
557 1141 702 1173 similiter
717 1141 868 1183 optulerit
882 1142 1013 1173 reddere
1028 1141 1206 1183 predictum
1222 1144 1359 1173 castrum
1380 1142 1420 1173 de
1443 1140 1616 1173 KAERFILI

161 1212 195 1243 in
212 1223 343 1243 manum
366 1215 507 1243 nostram
517 1213 548 1243 et
561 1211 645 1242 diem
656 1210 741 1251 apud
752 1210 869 1242 vadum
881 1210 1014 1242 Moxrxs
1027 1209 1173 1242 Gmmmz
1185 1221 1279 1252 quem
1292 1210 1326 1241 in
1338 1210 1499 1251 presencia
1510 1209 1622 1242 nunci-

162 1291 251 1312 orum
268 1280 366 1321 ipsius
383 1279 533 1310 Lunum
551 1279 575 1310 si
600 1289 678 1320 quos
693 1278 734 1309 ad
749 1289 807 1309 nos
821 1280 950 1320 propter
964 1278 1024 1310 hoo
1045 1279 1204 1309 destinare
1227 1278 1363 1310 voluerit
1379 1278 1460 1309 siout
1474 1277 1504 1309 ei
1519 1289 1621 1320 nuper

161 1349 384 1380 mandavimus
409 1348 447 1379 de
477 1347 607 1380 consilio
637 1351 744 1380 nostro
774 1347 965 1389 prefigemus
992 1345 1229 1389 recol[l]egerit
1256 1346 1345 1378 vobis
1372 1346 1562 1378 mandamus
1588 1346 1623 1377 in

163 1417 224 1448 fide
246 1416 397 1458 homagio
420 1418 450 1447 et
473 1416 644 1447 dileccione
670 1415 785 1458 quibus
807 1415 898 1447 nobis
919 1415 1075 1447 tenemini
1098 1415 1232 1446 firmiter
1257 1414 1467 1456 injungentes
1490 1414 1576 1456 quod
1598 1414 1625 1446 si

162 1485 322 1526 predictus
337 1484 514 1515 Lnrmxvs
538 1495 610 1515 cum
631 1484 770 1515 exercitu
795 1494 850 1516 suo
873 1484 914 1514 ad
936 1483 1125 1515 mandatum
1149 1485 1293 1514 nostrum
1309 1493 1328 1514 a
1344 1481 1489 1524 partibus
1510 1482 1575 1514 illis
1593 1492 1625 1514 se

162 1564 228 1585 non
258 1553 451 1585 subtraxerit
481 1564 538 1584 nec
564 1552 723 1584 recesserit
750 1563 807 1584 nee
833 1551 933 1583 eciam
963 1551 1083 1583 dictum
1112 1551 1198 1583 diem
1227 1551 1312 1593 apud
1341 1551 1459 1582 vadum
1489 1549 1623 1582 MON¹r1s

165 1621 299 1654 Gmmm
327 1632 421 1663 quem
445 1621 479 1652 in
498 1620 658 1662 presencia
681 1620 873 1652 nunciorum
893 1619 994 1661 ipsius
1022 1618 1171 1651 memm
1198 1619 1224 1650 si
1250 1629 1328 1660 quos
1353 1619 1394 1650 ad
1416 1629 1474 1650 nos
1496 1620 1625 1660 propter

163 1690 221 1721 hoc
244 1689 402 1721 destinare
425 1689 561 1720 volucrit
583 1689 664 1720 sieut
686 1688 715 1720 ei
739 1700 840 1730 nuper
865 1688 1087 1719 mandavimus
1102 1688 1142 1719 de
1159 1687 1288 1719 consilio
1307 1689 1414 1718 nostro
1433 1686 1625 1728 prefigemus

163 1758 237 1789 inde
259 1758 387 1789 duxerit
409 1756 700 1799 recol[l]igendum
725 1757 806 1788 sicut
830 1756 1008 1798 predictum
1033 1758 1080 1788 est
1103 1767 1157 1788 vos
1179 1758 1298 1787 extunc
1320 1755 1444 1797 prefato
1460 1754 1568 1787 comiti
1583 1754 1625 1786 ad

163 1830 300 1857 castrum
324 1825 406 1857 fflud
430 1828 462 1856 et
488 1828 588 1856 terras
610 1835 683 1856 suas
705 1825 740 1856 in
760 1823 905 1866 partibus
926 1824 991 1856 illis
1015 1823 1255 1855 defendendum
1279 1823 1478 1854 consulentes
1502 1822 1571 1854 sitis
1592 1824 1624 1854 et

163 1905 235 1926 cum
257 1899 324 1925 toto
347 1904 435 1935 posse
458 1898 561 1925 vestro
587 1893 779 1925 auxiliantes
801 1896 896 1934 prout
920 1891 1114 1924 venerabiles
1137 1895 1243 1934 patres
1264 1891 1304 1923 R.
1323 1891 1402 1923 Cov'
1419 1893 1452 1923 et
1471 1890 1571 1922 Licn’
1588 1892 1620 1922 et

165 1961 203 1994 G.
222 1961 390 1994 onoux‘
407 1961 543 2003 episcopi
563 1973 641 2003 quos
657 1962 698 1993 ad
722 1964 828 2003 partes
849 1961 921 1993 illas
944 1963 1073 2003 propter
1095 1960 1154 1992 hoe
1175 1960 1372 1992 destinamus
1395 1958 1484 1991 vobis
1498 1958 1624 2000 plenius

163 2031 241 2061 scire
256 2030 372 2061 facient
388 2041 426 2061 ex
448 2034 537 2071 parte
554 2035 669 2061 nostra.
718 2029 759 2061 In
776 2029 868 2071 oujus
884 2031 945 2061 etc.
992 2027 1086 2060 Teste
1101 2030 1137 2060 ut
1153 2039 1258 2070 supra.
