1820 2548
227 209 288 240 714

179 367 210 395 et
234 363 370 396 feminas
390 364 664 397 warentizabimus
685 365 936 407 acquietabimus
959 369 990 398 et
1013 365 1221 398 defendemus
1243 366 1476 407 inperpetuum.
1532 365 1578 397 Et
1598 367 1634 398 ut

180 431 237 464 heo
253 435 359 464 nostm
375 433 506 465 donacio
521 436 553 465 et
569 434 723 465 concessio
740 437 771 465 et
784 437 867 465 carte
883 436 988 466 nostre
1004 434 1202 466 confirmacio
1214 437 1334 466 certum
1346 436 1378 465 et
1393 434 1524 476 plenum
1538 433 1637 466 robur

179 500 321 542 optineat
342 504 519 543 presentem
539 504 658 533 cartam
678 502 856 544 sigillorum
875 505 1056 534 nostrorum
1078 502 1256 534 munimine
1277 501 1502 534 roboravimus.
1557 501 1634 534 Hiis

179 567 312 600 testibus
329 595 334 600 .
352 569 482 601 domino
506 569 664 601 Renum-o
680 570 709 602 le
724 569 799 602 Vm.
817 596 823 601 .
841 573 918 602 tunc
937 570 1106 602 vicecomes
1125 570 1164 602 de
1183 569 1397 602 GLAMORGAN
1415 595 1422 601 .
1441 569 1633 602 WILLELMo

179 635 341 668 Tnnssnn
364 662 370 668 .
394 637 558 669 Jommss
584 638 648 670 filio
674 638 779 670 Parui
805 664 811 669 .
837 637 1016 669 HAMUNDO
1041 637 1188 670 LAcmm
1213 664 1218 669 .
1247 637 1399 669 Rimano
1419 637 1485 669 filio
1508 636 1633 669 Tamus

174 704 318 736 ALBERD
335 730 341 736 .
361 705 510 737 anoxn
527 705 633 738 SYGIN
651 732 656 737 .
676 706 849 738 Gnffimro
865 707 904 738 de
920 705 1131 738 Lim-unum·
1150 732 1156 737 .
1173 709 1204 738 et
1220 706 1330 738 multis
1345 705 1424 737 aliis.

835 871 986 904 DCLVI.

179 950 339 983 GRANT
384 951 449 983 BY
485 951 704 983 MAURIOE
742 951 891 984 YSAAC
931 951 989 984 OF
1031 951 1258 984 LANDOGH
1304 951 1362 984 OF
1403 951 1534 984 LAND
1571 951 1636 985 AT

494 1019 805 1052 GOGANESMOR
837 1019 892 1052 To
924 1019 1131 1052 MARGAM
1161 1019 1332 1052 ABBEY.

529 1100 658 1143 [HARL.
676 1100 849 1139 Gmmm,
867 1102 907 1132 75
925 1101 968 1132 D.
985 1100 1054 1143 24]
1145 1100 1286 1132 anm
1310 1111 1350 1132 oF
1375 1101 1463 1132 131-11
1486 1100 1587 1133 emm

221 1180 329 1212 Sciant
352 1184 512 1223 presentes
527 1184 558 1213 et
581 1181 683 1213 futuri
700 1182 781 1223 quod
800 1192 859 1224 ego
882 1181 1078 1213 Msumcms
1093 1180 1206 1213 YsAAc
1222 1182 1261 1213 de
1276 1180 1441 1212 LANDocn
1459 1191 1513 1222 pro
1529 1180 1630 1213 salute

177 1248 282 1280 anime
303 1260 371 1280 mee
392 1253 423 1280 et
444 1249 552 1281 uxoris
570 1260 638 1281 mee
657 1252 890 1281 antecessorum
913 1252 944 1281 et
966 1260 1176 1281 successorum
1194 1260 1337 1280 meorum
1352 1248 1427 1280 dedi
1443 1249 1578 1280 concessi
1601 1251 1633 1280 et

176 1315 235 1348 hac
255 1317 393 1358 presenti
416 1320 501 1349 carta
523 1329 592 1350 mea
616 1318 799 1350 confirmavi
823 1317 893 1349 Deo
915 1320 945 1349 et
967 1318 1093 1350 ecclesie
1113 1317 1204 1350 beate
1223 1317 1342 1349 Mnus
1365 1317 1404 1348 de
1429 1316 1583 1348 MARGAN
1599 1319 1631 1349 et

176 1384 338 1416 monachis
360 1385 479 1417 ibidem
500 1385 570 1417 Deo
591 1386 800 1418 servientibus
826 1387 859 1417 in
882 1385 1015 1418 liberam
1038 1388 1068 1417 et
1091 1388 1277 1428 perpetuam
1300 1385 1504 1417 elemosinam
1527 1387 1632 1417 totum

176 1453 344 1484 mariscum
360 1464 466 1484 meum
478 1453 533 1495 qui
546 1458 674 1485 vocatur
691 1453 916 1485 Cooffisssuon
933 1454 984 1496 cuj
989 1466 1025 1485 us
1040 1465 1141 1485 unum
1154 1454 1255 1496 capud
1271 1453 1415 1485 extendit
1431 1464 1462 1484 se
1477 1453 1511 1484 in
1526 1453 1631 1495 longi·

176 1521 288 1553 tudine
304 1533 322 1552 a
337 1526 427 1564 parte
442 1522 588 1553 orientali
604 1533 697 1564 super
711 1523 741 1554 ln
758 1522 872 1554 SLYME
889 1523 944 1564 qui
961 1525 1089 1554 vocatur
1105 1522 1332 1554 Baebi-:smus
1350 1547 1356 1553 .
1374 1521 1510 1553 alterum
1528 1521 1632 1562 capud

175 1591 319 1621 extendit
342 1601 373 1621 se
397 1601 490 1632 super
511 1591 674 1633 gurgitem
697 1591 751 1632 qui
777 1594 906 1622 vocatur
935 1590 1209 1622 SAMMELISWERE
1233 1601 1252 1621 a
1274 1592 1364 1632 parte
1386 1589 1519 1621 australi
1556 1614 1562 1620 .
1594 1589 1631 1621 in

174 1657 344 1689 latitudine
366 1658 449 1699 jacet
472 1659 556 1690 inter
577 1659 746 1690 mariscum
769 1659 824 1700 qui
848 1662 977 1690 vocatur
1003 1658 1274 1689 szxmmsnon
1299 1669 1317 1688 a
1341 1659 1431 1699 parte
1457 1657 1576 1689 boreali
1599 1659 1631 1689 et

174 1726 336 1767 gurgitem
352 1726 406 1768 qui
419 1730 548 1758 vocatur
564 1727 615 1758 LA
631 1726 779 1758 lefflzss
797 1738 815 1758 a
831 1730 920 1769 parte
936 1726 1146 1758 meridionali.
1194 1725 1392 1757 Habendum
1408 1728 1438 1756 et
1455 1725 1630 1757 tenendum

173 1794 212 1825 de
234 1805 283 1825 me
299 1798 330 1825 et
348 1794 517 1827 heredibus
540 1795 617 1826 meis
636 1795 768 1836 predicti
792 1795 933 1836 religiosi
954 1794 1052 1826 libere
1075 1794 1180 1835 quiete
1201 1794 1325 1835 integre
1347 1792 1428 1825 bene
1449 1795 1481 1824 et
1503 1793 1630 1835 pacifice

173 1862 416 1903 imperpetuum.
465 1862 642 1894 Reddendo
667 1863 742 1894 inde
761 1863 928 1894 annuatim
949 1862 1030 1893 mihi
1051 1866 1083 1893 et
1103 1860 1271 1893 heredibus
1292 1861 1369 1892 meis
1388 1861 1438 1892 vel
1461 1861 1630 1903 assignatis

174 1930 251 1961 meis
282 1931 494 1972 prenominati
523 1931 663 1973 religiosi
692 1936 760 1963 octo
791 1931 906 1963 solidos
936 1930 1161 1972 sterlingorum
1191 1929 1414 1961 tantummodo
1445 1929 1486 1960 ad
1514 1929 1630 1960 festum

173 1998 281 2029 Sancti
304 1997 326 2030 J
327 2008 476 2029 OHANNIS
499 1999 664 2031 Rapum:
685 2011 741 2041 pro
764 1999 910 2031 omnibus
930 1999 1067 2031 serviciis
1082 1997 1210 2029 herietis
1226 1997 1340 2028 wardis
1354 1997 1479 2028 releviis
1493 2000 1525 2028 et
1539 1996 1630 2028 sectis

172 2066 330 2097 curiarum
346 2069 376 2098 et
394 2066 540 2098 omnibus
556 2068 746 2099 secularibus
764 2068 929 2099 demendis
944 2067 1216 2108 qualitercumque
1240 2064 1508 2106 contingentibus.
1554 2063 1627 2106 Ego

170 2144 242 2164 vero
255 2134 357 2165 dictus
373 2134 566 2166 Mummi-s
578 2135 690 2167 Ysmc
706 2141 736 2167 et
753 2136 883 2167 heredes
900 2135 963 2167 mei
978 2135 1112 2177 prefatis
1126 2134 1282 2176 religiosis
1298 2134 1337 2165 de
1353 2132 1507 2164 Manem
1522 2133 1627 2164 totum

171 2201 349 2242 predictum
373 2204 541 2234 mariscum
563 2208 670 2235 eontra
695 2215 802 2235 omnes
826 2204 970 2235 homines
993 2207 1025 2234 et
1047 2202 1182 2234 feminas
1208 2200 1484 2232 warantizabimus
1506 2199 1628 2241 acquie-

169 2269 308 2301 tabimus
330 2275 361 2302 et
377 2271 410 2302 in
432 2275 620 2313 perpetuum
641 2272 860 2303 defendemus.
908 2271 957 2303 Ut
973 2274 1080 2302 autem
1098 2270 1156 2301 hec
1176 2280 1248 2300 mea
1268 2268 1400 2300 donacio
1424 2267 1580 2299 concessio
1602 2268 1636 2298 et
