1820 2548
214 207 229 238 1
236 207 297 238 146

748 372 1041 405 DCCCOXXXV.

166 460 455 495 RECITATION
508 460 609 493 AND
662 458 1024 492 CONFIRMATION
1078 458 1143 492 BY
1199 457 1397 491 GRADOK
1441 458 1504 491 ΑΡ
1549 457 1632 491 ΚΕ·

274 529 490 562 THERIGK
520 528 579 561 OF
616 528 649 561 A
686 527 849 561 GRANT
887 527 951 560 BY
981 527 1133 565 0WEN,
1169 526 1266 565 RES,
1298 526 1402 559 AND
1442 525 1628 559 CRADOO

275 597 338 630 AB
376 595 686 635 ALAYTHOUR,
724 595 782 628 ΤΟ
820 594 1028 627 MARGAM
1064 594 1236 627 ABBEY.

502 676 616 720 [Bm'r.
641 676 728 708 Mus.
754 675 867 707 Hm„
893 674 1067 714 CHARTER,
1092 676 1132 707 75
1157 674 1192 706 O.
1217 674 1288 717 25.]

757 756 809 788 ST.
834 755 1128 788 Bmmonomssw’s
1150 756 1238 788 Dn.
1284 756 1326 787 24
1349 755 1438 788 Ano.
1488 755 1581 788 1328.

209 840 367 873 Omnibus
397 839 512 871 Sancte
538 838 650 871 matris
679 838 807 870 ecclesie
837 837 911 869 filiis
948 836 1147 880 presentibus
1183 840 1215 869 et
1252 836 1371 868 futuris
1408 836 1548 869 GnAnox
1586 847 1633 879 ap<

164 909 363 942 KETHEREK
385 912 529 940 eternam
551 907 585 938 in
615 906 757 938 Domino
788 906 934 938 salutem.
991 905 1155 937 Noveritis
1177 916 1228 936 me
1251 905 1302 936 die
1327 904 1535 937 confecoionis
1557 916 1628 947 pre-

164 978 307 1010 sencium
322 976 452 1009 oonsilio
468 978 500 1007 et
515 986 645 1007 assensu
661 974 834 1006 amicorum
849 984 994 1005 meorum
1009 984 1066 1015 pro
1081 973 1183 1005 salute
1199 972 1305 1004 anime
1320 984 1389 1004 mee
1405 975 1438 1004 et
1453 983 1510 1014 pro
1526 973 1627 1005 salute

163 1049 396 1078 antecessorum
413 1046 444 1075 et
460 1054 671 1075 successorum
692 1053 836 1074 meorum
859 1041 1044 1074 concessisse
1066 1041 1189 1072 dedisse
1212 1043 1243 1072 et
1265 1040 1324 1072 hoc
1347 1040 1486 1081 presenti
1509 1040 1630 1082 scripto

163 1125 233 1146 meo
249 1113 447 1146 confirmasse
470 1111 541 1143 Deo
564 1114 596 1143 et
619 1111 746 1143 ecclesie
768 1110 859 1142 beate
882 1109 1001 1142 Minna
1024 1110 1063 1141 de
1087 1108 1240 1141 MARGAN
1263 1111 1296 1140 et
1317 1108 1483 1141 monachis
1506 1108 1627 1141 ibidem

162 1181 372 1216 servientibus
391 1181 461 1213 Deo
484 1181 518 1212 in
541 1191 655 1222 puram
677 1182 709 1211 et
732 1181 918 1221 perpetuam
941 1178 1146 1210 elemosinam
1169 1188 1279 1209 omnes
1304 1177 1494 1209 donaciones
1514 1177 1626 1209 confir·

163 1251 323 1284 maciones
337 1253 369 1281 et
385 1248 612 1281 convenciones
634 1258 712 1289 quas
735 1247 853 1278 eisdem
876 1245 1038 1278 monachis
1064 1245 1208 1277 fecerunt
1225 1271 1232 1276 .
1250 1244 1400 1277 mews
1418 1270 1424 1276 .
1443 1243 1554 1276 Rsssus
1571 1269 1577 1276 .
1595 1246 1628 1276 et

163 1319 337 1352 calnocus
352 1317 411 1349 fflii
434 1316 650 1348 ALAvmomz
672 1317 766 1358 prout
788 1315 941 1356 scriptum
964 1314 1093 1345 illorum
1115 1316 1251 1345 testatur
1273 1315 1382 1344 tenore
1406 1312 1461 1354 qui
1484 1312 1628 1354 sequitur

163 1387 333 1419 verborum
347 1397 400 1417 :—

209 1459 216 1473 ‘
228 1454 386 1487 Omnibus
401 1452 542 1485 Cnmm
559 1451 706 1484 fidelibus
717 1451 777 1483 hoc
788 1462 915 1493 presens
927 1450 1078 1492 scriptum
1092 1449 1204 1481 visuris
1216 1449 1267 1480 vel
1279 1448 1437 1480 audituris
1454 1447 1606 1480 OWENUS
1619 1473 1628 1481 .

168 1525 277 1557 Rnstrs
294 1549 300 1554 .
318 1525 350 1554 et
373 1521 556 1554 CRADOKUS
578 1520 637 1552 fflii
659 1519 873 1552 ALAYTHOUR
888 1518 1023 1550 salutem
1038 1518 1072 1549 in
1089 1516 1239 1549 Domino.
1286 1516 1423 1549 Noverit
1438 1516 1628 1549 universitas

163 1596 267 1625 vestra
283 1591 368 1633 quod
384 1590 441 1621 hec
462 1591 509 1620 est
532 1588 698 1621 concordia
720 1587 825 1619 finalis
848 1587 932 1618 facta
954 1597 1039 1618 anno
1063 1586 1196 1618 Domini
1218 1585 1387 1617 millesimo
1410 1585 1628 1617 ducentesimo

163 1659 407 1702 quadragesimo
437 1660 526 1689 sexto
555 1657 639 1688 inter
668 1668 726 1688 nos
755 1659 786 1687 et
817 1654 986 1687 monachos
1023 1655 1062 1686 de
1092 1653 1245 1685 MARGAN
1277 1653 1424 1684 videlicet
1454 1653 1541 1694 quod
1569 1663 1627 1685 nos

165 1739 318 1761 consensu
333 1729 365 1758 et
381 1725 510 1758 consilio
527 1725 701 1756 amicorum
716 1726 897 1755 nostrorum
912 1734 968 1764 pro
984 1722 1133 1754 maximis
1149 1724 1181 1753 et
1202 1720 1386 1753 enormibus
1402 1720 1549 1763 dampnis
1563 1731 1626 1762 que

164 1796 257 1828 dictis
272 1793 435 1827 monachis
449 1793 616 1825 intulimus
631 1794 742 1834 utpote
754 1792 788 1823 in
804 1791 898 1823 blado
914 1791 989 1822 feno
1004 1790 1104 1832 pratis
1122 1789 1260 1831 pasturis
1280 1788 1421 1831 piscariis
1443 1787 1625 1821 nemoribus

166 1864 310 1907 grangiis
325 1862 474 1895 bercariis
490 1864 520 1893 et
537 1860 650 1892 averiis
665 1860 775 1892 multis
790 1859 883 1892 rebus
898 1859 997 1891 eciam
1012 1858 1083 1890 aliis
1099 1857 1342 1900 quamplurimis
1357 1867 1435 1898 quas
1451 1855 1502 1887 hic
1522 1856 1627 1888 dicere

164 1931 430 1975 pretermittimus
446 1940 581 1971 quorum
597 1929 809 1970 dampnorum
825 1938 949 1958 summa
964 1927 1004 1958 ad
1020 1929 1176 1958 trecentas
1194 1925 1312 1967 viginti
1336 1926 1472 1965 quatuor
1493 1923 1590 1956 libras
1608 1935 1627 1956 a

163 2000 239 2032 viris
254 1997 465 2041 prudentibus
480 1995 724 2038 computabatur
748 2021 753 2027 .
779 1995 936 2027 Dedimus
951 1998 983 2026 et
999 1994 1207 2026 concessimus
1222 1992 1332 2025 domui
1351 1991 1438 2023 beate
1454 1990 1574 2022 MAmn
1590 1993 1622 2023 et

165 2066 328 2100 monachis
343 2065 462 2097 ibidem
478 2064 548 2096 Deo
569 2062 778 2095 servientibus
801 2067 837 2094 ut
859 2062 998 2094 habeant
1020 2062 1054 2093 in
1077 2061 1170 2094 bosco
1192 2064 1299 2092 nostro
1322 2059 1429 2091 omnia
1450 2059 1625 2091 necessaria

166 2137 233 2168 sine
251 2133 367 2176 gabulo
384 2137 415 2164 et
431 2143 467 2163 eo
483 2142 539 2173 pro
555 2131 720 2163 voluntate
737 2142 793 2162 sua
808 2134 941 2162 utantur
953 2132 990 2161 ut
1001 2129 1128 2172 proprio
1139 2128 1231 2160 bosco
1241 2139 1297 2169 pro
1310 2126 1401 2159 nobis
1413 2130 1444 2158 et
1456 2126 1625 2159 heredibus

165 2203 281 2236 nostris
296 2201 363 2233 sine
380 2200 608 2242 impedimento
623 2199 848 2241 inperpetuum
863 2209 920 2240 pro
936 2208 1054 2240 magna
1069 2196 1282 2228 destructione
1298 2205 1395 2237 quam
1411 2194 1545 2226 fecimus
1567 2205 1625 2227 nos

165 2275 197 2304 et
211 2269 356 2302 homines
372 2267 471 2300 nostri
490 2267 524 2299 in
547 2266 729 2299 nemoribus
751 2267 909 2299 dictorum
932 2265 1168 2298 monachorum.
1216 2263 1364 2295 Preterea
1387 2262 1421 2293 in
1445 2272 1624 2304 recompen-
