1820 2548
236 152 300 183 988

846 408 1000 442 DCCCL.

193 488 663 522 ACKNOWLEDGMENT
715 488 779 521 BY
830 489 956 522 JOHN
1007 490 1243 523 MYGNOTH
1289 491 1351 523 ΟΒ
1395 492 1547 524 ΜΙΝΟΤ
1591 492 1648 525 ΤΟ

302 558 470 597 ROGER,
495 558 651 590 ABBOT
677 557 736 590 OF
766 557 983 597 MARGAM,
1010 558 1068 590 OF
1099 559 1131 591 A
1161 559 1311 592 LEASE
1342 560 1401 592 OF
1426 560 1460 593 A
1489 560 1648 594 HOUSE

303 626 364 659 AT
394 625 692 659 NEWCASTLE.

729 706 902 749 [MARGAM
926 706 1119 750 CHARTER.]
1384 707 1489 740 Cruci«.
1513 709 1606 741 1305.

237 788 394 820 Omnibus
410 788 550 820 Crmrsw
566 787 713 820 fidelibus
728 799 855 830 presens
870 788 1022 830 seriptum
1037 788 1225 830 inspecturis
1237 789 1286 821 vel
1302 790 1459 821 audituris
1470 789 1492 821 J
1494 800 1651 822 OHANNES

191 857 366 889 meom
383 857 517 889 salutem
535 857 567 888 in
584 857 733 889 Domino.

234 925 370 957 Noverit
386 925 574 957 universitas
590 928 693 957 vestra
709 936 760 956 me
775 925 926 966 recepisse
943 936 961 956 a
976 925 1105 957 domino
1122 925 1261 956 Roonno
1278 925 1393 957 abbate
1412 926 1452 957 de
1470 925 1624 958 Manem
1642 951 1648 958 .

190 997 221 1026 et
237 993 382 1036 ejusdem
397 993 459 1024 loci
475 996 632 1025 conventu
648 993 688 1024 ad
710 995 893 1034 perpetuam
914 993 1038 1024 firmam
1057 1018 1063 1024 .
1081 992 1223 1025 Domum
1247 996 1279 1025 et
1301 993 1454 1025 Mansum
1477 995 1650 1026 eorundem

188 1073 260 1094 eum
276 1062 409 1103 gardino
426 1064 457 1092 et
472 1061 652 1103 curtillagio
669 1061 834 1103 adjacente
850 1086 856 1093 .
875 1061 909 1092 in
925 1061 1001 1092 villa
1017 1061 1056 1092 de
1077 1060 1171 1092 Novo
1195 1061 1323 1093 CAsrno
1346 1061 1380 1093 in
1405 1061 1623 1093 GLAMARGAN
1640 1087 1647 1094 .

189 1141 253 1162 una
280 1141 352 1162 eum
379 1129 478 1161 libero
504 1130 649 1171 ingressu
677 1132 709 1160 et
736 1140 864 1171 egressu
890 1129 931 1160 ad
954 1129 1064 1160 eadem
1081 1155 1087 1160 .
1105 1129 1192 1160 salva
1214 1131 1322 1161 tamen
1347 1129 1464 1161 eisdem
1487 1129 1596 1161 abbati
1618 1131 1650 1161 et

187 1199 358 1231 conventui
374 1198 509 1241 grangia
525 1198 698 1229 eorundem
714 1201 744 1229 et
761 1197 847 1229 curia
863 1198 904 1229 ad
925 1197 1058 1229 eandem
1081 1197 1251 1239 grangiam
1274 1198 1463 1239 pertinente.
1510 1197 1596 1229 Item
1618 1200 1650 1229 et

187 1270 288 1300 totam
303 1270 421 1299 terram
437 1267 609 1298 eorundem
626 1277 721 1307 quam
739 1266 951 1298 Rinwmnns
971 1266 1132 1307 quondam
1153 1268 1254 1297 rector
1274 1266 1403 1298 ecclesie
1425 1265 1570 1308 ejusdem
1592 1266 1652 1298 loci

188 1336 227 1367 de
243 1335 342 1367 Novo
360 1335 487 1367 cismo
505 1335 617 1366 habuit
633 1339 663 1366 et
680 1335 785 1366 tenuit
802 1360 808 1366 .
826 1345 891 1366 una
906 1345 978 1366 cum
995 1333 1117 1366 GRAVA
1135 1334 1175 1365 ad
1194 1345 1264 1366 eam
1284 1334 1464 1376 pertinente
1482 1360 1488 1366 .
1506 1334 1653 1366 videlicet

188 1404 360 1436 tresdecem
385 1415 471 1435 acras
494 1406 525 1435 et
548 1403 715 1434 dimidiam
738 1429 744 1434 .
767 1405 799 1434 et
825 1413 924 1434 imam
950 1413 1055 1434 acram
1083 1402 1168 1444 prati
1196 1413 1257 1444 que
1283 1402 1392 1444 jacent
1418 1403 1452 1434 in
1479 1402 1567 1434 Hm
1591 1428 1598 1434 .
1622 1405 1655 1435 et

187 1473 341 1504 undeoem
368 1483 454 1503 acras
481 1476 511 1503 et
539 1471 704 1503 dimidiam
736 1482 796 1513 que
826 1470 933 1513 jacent
966 1470 1024 1502 sub
1054 1469 1177 1502 GRAVA
1209 1473 1241 1502 et
1271 1471 1412 1512 quinque
1443 1482 1530 1502 acras
1559 1482 1654 1513 supra.

188 1539 337 1573 GRAVAM
355 1566 361 1571 .
379 1543 409 1572 et
426 1546 489 1572 tres
508 1551 595 1571 acras
618 1551 679 1581 que
702 1539 809 1581 jacent
833 1539 867 1570 in
890 1539 1026 1581 gardino
1048 1538 1136 1570 Anu.
1183 1538 1229 1570 Et
1255 1538 1374 1570 ibidem
1401 1539 1541 1581 quinque
1567 1550 1655 1571 aeras

188 1609 281 1651 prati.
328 1608 506 1640 Habenda-s
532 1612 563 1640 et
590 1608 744 1639 tenendas
771 1608 810 1639 de
837 1607 956 1639 eisdem
983 1607 1139 1649 religiosis
1166 1609 1197 1638 et
1227 1608 1399 1639 eorundem
1430 1607 1656 1639 successoribus

188 1677 269 1709 mihi
285 1680 315 1708 et
331 1676 502 1709 heredibus
523 1676 610 1708 meis.
659 1676 836 1708 Reddendo
859 1675 934 1707 inde
957 1675 1127 1707 annuatim
1149 1675 1226 1717 ipsis
1248 1675 1406 1717 religiosis
1428 1678 1460 1707 et
1482 1676 1655 1707 eorundem

189 1745 416 1778 suecessoribus
431 1757 490 1787 ego
506 1750 538 1777 et
553 1746 684 1777 heredes
699 1745 762 1776 mei
777 1747 841 1776 tres
860 1755 981 1776 marcas
1004 1747 1035 1775 et
1059 1743 1226 1775 dimidiam
1250 1743 1406 1776 bonorum
1429 1743 1655 1786 sterlingorum

190 1815 224 1846 in
250 1815 330 1846 festo
358 1813 466 1846 Sancti
493 1813 698 1845 Mmmssms.
745 1812 790 1844 Et
817 1812 876 1845 hoc
903 1811 962 1844 sub
989 1823 1071 1853 pena
1098 1812 1312 1854 quadraginta
1339 1812 1511 1844 solidorum
1538 1811 1656 1843 eisdem

190 1882 347 1925 religiosis
363 1885 394 1914 et
410 1882 582 1914 eorundem
598 1881 825 1913 successoribus
841 1880 1064 1912 solvendorum
1082 1891 1100 1911 a
1116 1890 1167 1911 me
1183 1882 1214 1911 et
1229 1879 1399 1911 heredibus
1414 1879 1492 1911 meis
1507 1879 1656 1921 predictis

191 1952 340 1993 quociens
365 1951 399 1982 in
427 1951 504 1982 dicti
531 1950 678 1981 annualis
707 1949 850 1981 redditus
881 1948 1039 1980 solucione
1070 1947 1278 1979 defecerimus
1302 1973 1308 1979 .
1332 1950 1401 1979 rato
1430 1947 1656 1979 nichilominus

192 2021 342 2052 manente
357 2019 498 2061 predicto
514 2029 620 2050 annuo
636 2017 764 2049 redditu
780 2016 958 2059 principali.
1006 2016 1079 2058 Ego
1096 2016 1193 2048 etiam
1213 2019 1245 2048 et
1267 2015 1398 2048 heredes
1419 2016 1482 2047 mei
1504 2015 1656 2047 faciemus

191 2087 340 2130 predictis
363 2087 518 2129 religiosis
544 2088 576 2118 et
602 2086 774 2118 eorundem
800 2083 1028 2117 successoribus
1053 2084 1093 2116 de
1122 2084 1264 2126 predicta
1292 2086 1378 2116 terra
1406 2083 1592 2125 homagium
1621 2084 1654 2114 et

192 2156 345 2188 relevium
367 2158 399 2188 et
422 2158 539 2187 sectam
561 2155 601 2186 ad
625 2154 744 2186 curiam
768 2153 942 2185 eorundem
966 2152 1016 2184 bis
1039 2152 1073 2184 in
1098 2163 1182 2184 anno
1207 2178 1213 2184 .
1237 2151 1385 2184 videlicet
1411 2151 1451 2182 ad
1477 2151 1656 2193 proximam

193 2225 313 2256 curiam
337 2226 406 2266 post
433 2223 552 2254 festum
576 2221 686 2254 Sancti
709 2220 905 2253 MICHAELIS
928 2245 935 2252 .
958 2223 990 2252 et
1014 2220 1056 2252 ad
1079 2220 1258 2262 proximam
1283 2219 1403 2251 curiam
1426 2220 1498 2260 post
1522 2217 1654 2250 Pascha.
