1820 2548
1549 154 1609 185 731

836 463 1008 496 DCLXX.

191 548 342 587 ADAM,
374 547 461 580 SON
493 547 552 579 OF
583 546 745 585 YSAAC,
778 544 963 578 GRANTS
994 544 1127 577 LAND
1156 544 1209 576 IN
1240 542 1384 576 DINAS
1415 541 1574 578 POW1s‚
1599 541 1657 573 ΤΟ

649 614 855 647 WALTER
892 613 955 645 DE
991 612 1201 645 RENGNY.

690 694 794 737 [ADD.
820 696 995 734 Ouum-m,
1020 694 1166 737 24‚257.]
1537 691 1615 724 SD.

241 778 350 810 Sciant
366 779 527 820 presentes
550 780 581 808 et
605 777 708 808 futiui
731 777 815 818 quod
832 788 891 818 ego
908 776 1013 808 Anffl
1037 776 1122 808 filius
1137 776 1250 807 YSAAc
1266 775 1340 807 dedi
1357 777 1388 806 et
1404 773 1539 806 concessi
1555 778 1586 804 et
1602 772 1662 804 hac

197 846 335 889 presenti
359 848 445 877 carta
460 856 532 877 mea
547 844 731 876 confirmavi
747 844 924 876 WALTERO
941 846 980 876 de
1004 845 1152 876 RENGNY
1168 845 1207 875 de
1223 843 1322 875 libero
1345 845 1526 874 tenemento
1542 852 1612 873 meo
1628 841 1662 872 in

198 915 373 947 DINAPOYS
389 914 557 945 dimidiam
573 924 677 945 acram
702 913 786 954 prati
802 925 863 954 que
879 913 962 955 jacet
979 913 1013 945 in
1029 913 1213 945 WYGEMOR
1229 913 1315 944 unde
1331 923 1433 943 unum
1449 914 1543 952 caput
1559 910 1665 941 tendit

198 995 230 1015 se
246 984 287 1015 ad
302 982 444 1014 rivulum
460 983 499 1013 de
516 981 667 1013 Pumnu
685 983 716 1013 et
732 981 869 1013 alterum
885 985 981 1024 caput
995 983 1101 1013 tendit.
1116 993 1148 1013 se
1163 993 1272 1013 versus
1294 980 1449 1012 orientem
1472 980 1513 1011 ad
1536 982 1664 1021 pratum

199 1052 285 1094 quod
308 1051 482 1083 RchRmsss
506 1050 590 1082 filius
606 1049 770 1081 HUBERTI
794 1054 871 1081 tuno
886 1050 1000 1082 tenuit.
1048 1050 1234 1082 Tenendam
1250 1053 1281 1081 et
1304 1048 1486 1080 habendam
1507 1048 1545 1079 dc
1568 1059 1619 1078 me
1635 1050 1667 1078 et

199 1119 370 1152 heredibus
394 1119 473 1151 meis
501 1118 561 1150 sibi
588 1121 619 1150 et
644 1118 813 1150 heredibus
840 1119 904 1150 suis
929 1119 979 1150 vel
1007 1119 1177 1160 assignatis
1201 1119 1266 1150 suis
1289 1117 1388 1149 libere
1411 1117 1518 1158 quiete
1542 1116 1669 1157 pacifice

200 1189 326 1230 integre
350 1191 382 1219 et
407 1188 479 1229 jure
505 1187 706 1219 hereditario.
755 1187 932 1218 Reddeudo
959 1187 1034 1219 inde
1058 1187 1225 1218 annuatim
1248 1187 1315 1228 ipse
1338 1189 1369 1217 et
1392 1182 1524 1216 hei-edes
1547 1184 1596 1216 sui
1618 1184 1669 1215 vel

200 1257 355 1299 assignati
379 1256 427 1288 sui
451 1256 530 1287 mihi
555 1258 586 1287 et
609 1255 780 1287 heredibus
803 1256 881 1287 meis
899 1267 998 1287 unum
1022 1256 1190 1287 denarium
1206 1256 1239 1286 in
1255 1255 1337 1286 festo
1361 1254 1447 1286 beati
1477 1253 1673 1284 MJCHAELIS

201 1337 259 1368 pro
284 1324 432 1356 omnibus
462 1324 600 1356 serviciis
626 1323 762 1366 querelis
789 1324 879 1356 sectis
906 1325 1066 1356 cruiarmn
1093 1327 1124 1356 et
1152 1324 1319 1356 domandis
1350 1322 1551 1355 secularibus.
1598 1321 1671 1364 Ego

202 1398 310 1426 autem
326 1393 568 1436 prenominatus
582 1392 687 1424 ADAM
710 1397 741 1424 et
765 1393 896 1425 heredes
919 1393 981 1425 inei
1005 1393 1146 1435 predicto
1163 1392 1339 1425 WALTERo
1362 1395 1393 1424 et
1416 1390 1585 1423 heredibus
1608 1390 1672 1422 suis

201 1464 253 1495 vel
276 1462 446 1504 assignatis
469 1461 533 1493 suis
556 1461 715 1503 prefatam
738 1473 843 1493 acram
867 1468 900 1493 et
923 1462 1090 1493 dimidiam
1114 1462 1198 1503 prati
1215 1466 1325 1493 eontra
1342 1472 1451 1492 omnes
1473 1460 1618 1492 homines
1641 1464 1673 1490 et

201 1532 337 1564 feminas
359 1531 586 1572 inperpetuum
603 1530 879 1562 warantizabimus
895 1535 926 1562 et
951 1531 1170 1563 defendemus.
1219 1530 1282 1562 Pro
1298 1530 1357 1562 hae
1373 1532 1480 1561 autem
1496 1529 1672 1561 donacione

205 1600 401 1632 concessione
417 1602 448 1631 et
463 1599 522 1630 hac
539 1599 637 1641 sigilli
653 1599 716 1630 mei
733 1599 973 1631 confirmatione
990 1600 1078 1631 dedit
1096 1599 1174 1631 mihi
1191 1599 1352 1641 predictus
1364 1598 1559 1631 WAmmzcs
1574 1608 1672 1629 unam

203 1680 342 1700 marcam
365 1668 499 1710 argenti.
547 1667 591 1699 Et
608 1669 643 1699 ut
667 1667 725 1700 hec
741 1679 811 1700 mea
831 1668 963 1700 donacio
979 1669 1135 1700 concessio
1151 1672 1182 1700 et
1198 1667 1398 1700 confirmacio
1413 1670 1481 1699 rate
1497 1669 1529 1698 et
1545 1665 1674 1698 stabiles

205 1739 412 1779 permaneant
446 1736 529 1768 hanc
565 1740 745 1778 presentem
783 1740 903 1768 cultam
935 1737 1033 1779 sigilli
1065 1737 1128 1768 mei
1159 1737 1365 1778 impressione
1395 1735 1550 1768 roboravi.
1597 1734 1674 1766 Hiis

205 1804 361 1837 testibus.
379 1805 508 1836 domino
532 1804 693 1836 Romu-0
717 1806 755 1836 de
780 1804 917 1837 somam*
941 1831 946 1837 .
967 1805 1162 1837 Wummm
1185 1805 1406 1837 FLANDRENSI
1425 1830 1430 1836 .
1449 1804 1611 1836 memvo
1633 1803 1673 1834 de

205 1872 472 1917 CL0U[(1EsTR1]E
489 1898 495 1904 .
513 1872 591 1904 Am
607 1873 672 1904 fih'o
688 1873 857 1905 DANOELis
873 1899 879 1906 .
899 1874 1092 1906 Wnssmmo
1107 1874 1173 1906 filio
1187 1874 1372 1906 Aawmzm
1406 1898 1412 1904 .
1438 1873 1592 1905 Rmnno
1608 1871 1674 1903 filio

204 1942 410 1974 ALEXANDRI
432 1966 438 1972 .
455 1940 650 1972 Wummo
666 1941 731 1974 filio
748 1941 866 1973 Homu
884 1946 913 1974 et
930 1943 1042 1975 multis
1058 1943 1137 1975 aliis.

250 2011 351 2043 Small
367 2010 499 2052 pointed
515 2010 586 2041 oval
603 2010 677 2048 seal,
694 2021 792 2052 green
810 2022 897 2042 wax:
924 2023 942 2043 a
958 2011 1158 2043 fleur-de-lis.

729 2080 736 2094 ‘
755 2083 786 2114 -4-
816 2089 867 2110 SIG
893 2104 1067 2110 ......
1094 2079 1154 2111 Ac)
