1820 2548
1536 152 1599 183 763

799 294 1026 328 DCXCVIII.

175 376 475 410 AGREEMENT
534 375 771 408 BETWEEN
838 375 1013 408 PRINOE
1067 375 1325 408 LLEWELIN
1382 375 1483 407 AND
1544 375 1643 407 THE

286 445 483 479 BISHOPS
514 445 573 477 OF
604 444 858 477 OOVENTRY
888 444 989 477 AND
1021 443 1308 476 WORCESTER
1339 443 1644 475 GONCERNING

287 513 598 547 OAERPHILLY
637 512 822 544 OASTLE.

721 580 860 624 [PRO.
886 581 941 613 UT
965 580 1108 622 Surum]
1330 582 1345 611 l
1371 579 1457 611 Nov.
1506 581 1599 611 1271.

222 651 314 684 Inter
329 651 471 683 nobilem
486 651 591 682 virum
606 652 637 682 et
654 650 862 681 excellentem
880 650 1047 681 dominum
1062 649 1282 681 LEWELINUM
1299 648 1482 690 Principem
1498 648 1645 680 Wumm

179 721 346 753 dominum
362 730 488 761 quoque
504 718 665 750 Smnnon
684 718 738 760 qui
750 721 890 750 castrum
902 719 941 750 de
954 717 1128 750 CAERFiLY
1140 729 1196 759 per
1209 717 1348 749 nobilem
1360 717 1464 748 virum
1477 717 1644 748 dominum

178 789 217 821 G.
235 790 275 820 de
291 788 406 820 Omne
431 787 578 819 comitem
595 786 718 819 GLonc’
735 790 767 818 et
785 786 976 818 HERTFORD
995 797 1097 828 nuper
1120 789 1259 817 erectum
1279 786 1401 817 obsedit
1417 797 1456 816 ex
1472 788 1562 827 parte
1578 796 1643 817 una

180 858 212 887 et
224 855 420 887 venerabiles
431 857 537 897 patres
548 855 694 886 dominos
710 854 750 886 R.
767 853 937 885 Cox'ENTR’
951 857 983 885 et
995 853 1095 885 LicH’
1112 865 1148 885 ac
1164 853 1202 885 G.
1221 853 1383 885 WIGORN'
1396 853 1556 894 episcopos
1568 863 1646 894 quos

179 924 312 956 illustris
325 923 397 956 Rex
413 924 551 955 ANGLIE
564 924 605 954 ad
620 923 807 965 hujusmodi
823 925 961 954 castrum
972 922 1006 953 in
1019 933 1151 953 manum
1166 922 1266 963 ipsius
1282 922 1472 963 capiendum
1488 923 1519 952 et
1534 924 1644 952 tenen-

181 993 256 1024 dum
274 1003 437 1034 quousque
461 992 500 1023 de
523 991 729 1023 contencione
752 991 836 1023 inter
855 992 981 1022 eosdem
999 990 1121 1022 nobiles
1137 990 1297 1022 occasione
1315 990 1412 1032 ipsius
1428 990 1520 1021 castri
1537 992 1648 1021 exorta

180 1061 308 1103 justicia
324 1063 504 1102 competens
527 1071 582 1101 per
604 1062 771 1101 magnates
787 1063 818 1090 et
842 1059 1034 1091 consiliarios
1057 1059 1178 1090 domini
1202 1058 1302 1101 Regis
1323 1059 1364 1090 ad
1380 1059 1498 1089 vadum
1514 1057 1647 1089 Moxus

182 1129 319 1161 Gmmm
351 1129 557 1160 destinandos
586 1128 761 1160 seeundum
790 1128 879 1170 leges
908 1130 941 1159 et
970 1127 1214 1159 consuetudines
1238 1127 1377 1158 marchie
1408 1138 1443 1158 ac
1474 1127 1648 1158 secundum

182 1198 319 1230 formam
334 1198 419 1239 pacis
434 1197 519 1229 inter
535 1197 660 1239 Regem
676 1199 707 1228 et
720 1196 904 1238 Principem
919 1197 1043 1228 dudum
1059 1196 1138 1227 inite
1154 1199 1185 1227 et
1198 1196 1322 1227 firmate
1337 1196 1490 1226 reddatur
1506 1206 1562 1236 per
1577 1206 1649 1226 suas

182 1266 290 1298 literas
319 1266 538 1297 transmiserat
564 1277 604 1296 ex
632 1265 732 1297 altera
756 1265 790 1296 in
823 1265 932 1296 castris
955 1265 1050 1306 juxta
1080 1264 1254 1296 KAERFILI
1282 1265 1324 1295 sic
1352 1264 1539 1295 convenitur
1564 1264 1649 1305 quod

181 1335 341 1376 predictus
366 1333 518 1375 Piinceps
543 1345 615 1366 cum
640 1334 781 1365 exercitu
807 1344 863 1365 suo
889 1333 930 1365 ab
958 1333 1121 1365 obsidione
1147 1333 1224 1364 dieti
1252 1333 1345 1364 castri
1368 1332 1493 1364 recedat
1518 1334 1549 1363 et
1574 1331 1649 1373 ipsis

181 1403 334 1445 episcopis
356 1403 490 1435 liberam
513 1402 634 1434 tribuat
657 1402 845 1434 facultatem
868 1401 1013 1444 capiendi
1037 1402 1131 1433 castri
1154 1402 1187 1433 in
1211 1412 1325 1433 manus
1348 1401 1469 1432 domini
1495 1400 1596 1442 Regis
1616 1403 1647 1431 et

182 1472 305 1514 aliquos
332 1472 371 1503 de
399 1472 463 1503 suis
490 1472 620 1503 nomine
650 1471 772 1502 domini
814 1471 914 1512 Regis
943 1470 976 1501 in
1007 1471 1076 1512 ipso
1105 1470 1246 1512 ponendi
1278 1481 1441 1511 quousque
1472 1469 1538 1510 ipse
1579 1468 1650 1500 Rex

183 1540 306 1582 aliquos
329 1541 473 1572 custodes
499 1540 606 1571 neutri
630 1540 714 1581 parti
739 1542 898 1581 suspectos
925 1550 982 1570 nec
1008 1539 1103 1571 alicui
1133 1539 1276 1581 parcium
1300 1538 1577 1580 consanguinitate
1600 1537 1650 1569 vel

184 1609 339 1640 affinitate
355 1620 411 1640 seu
426 1608 489 1640 alia
511 1607 695 1640 rationabili
719 1619 812 1640 causa
835 1607 1021 1650 conjunctos
1045 1608 1085 1638 ad
1108 1608 1213 1649 ipsum
1237 1610 1374 1638 castrum
1398 1606 1650 1637 conservandum

182 1677 308 1708 noviter
323 1677 451 1709 duxerit
467 1677 704 1708 destinandum.
752 1676 904 1708 Promisit
919 1676 1020 1708 eciam
1036 1676 1139 1707 dictus
1162 1675 1315 1717 Princeps
1338 1675 1423 1716 quod
1439 1685 1496 1706 nec
1511 1674 1578 1715 ipse
1594 1685 1651 1705 neo

184 1745 300 1786 aliquis
315 1745 353 1776 de
369 1746 434 1776 suis
449 1755 598 1787 guerram
614 1748 724 1776 contra
747 1745 914 1776 dominum
931 1745 1078 1776 comitem
1093 1744 1144 1776 vel
1167 1744 1306 1785 aliquem
1329 1744 1368 1774 de
1391 1743 1456 1774 suis
1478 1742 1534 1774 lite
1558 1753 1652 1784 super

184 1813 308 1855 prefato
325 1816 424 1845 castro
440 1814 601 1855 pendente
616 1813 803 1855 hujusmodi
819 1814 1036 1846 oontencionis
1052 1813 1211 1845 occasione
1227 1812 1366 1843 movebit
1384 1823 1440 1843 nec
1456 1811 1595 1853 aliquem
1612 1811 1651 1842 de

182 1886 272 1924 parte
296 1882 420 1913 comitis
443 1893 498 1923 per
513 1893 545 1913 se
561 1882 610 1913 vel
626 1894 682 1924 per
698 1882 798 1914 alium
815 1882 955 1915 abstrahi
971 1894 1026 1914 seu
1047 1881 1186 1914 revocari
1201 1880 1381 1923 procurabit
1397 1883 1453 1911 aut
1470 1880 1651 1911 venientem

183 1950 357 1992 receptabit
385 1951 532 1992 quodque
562 1950 706 1982 homines
734 1951 783 1982 vel
815 1954 959 1983 tenentes
986 1951 1110 1983 comitis
1131 1961 1197 1982 non
1227 1949 1380 1991 impediet
1409 1959 1466 1980 nec
1495 1948 1650 1990 impedire

184 2019 324 2061 patietur
350 2030 406 2060 per
431 2029 502 2050 suos
527 2019 698 2060 quominus
721 2030 793 2051 cum
818 2020 1000 2052 hominibus
1024 2020 1088 2051 suis
1111 2023 1143 2051 ct
1169 2021 1314 2050 tenentes
1340 2018 1437 2049 libere
1466 2016 1651 2049 contrahere

186 2087 313 2119 valeant
329 2090 361 2119 et
377 2098 449 2118 cum
465 2087 541 2129 ipsis
556 2090 768 2119 mercaturam
784 2099 954 2120 excercere.
996 2088 1215 2120 promiserunt
1228 2086 1373 2118 similiter
1385 2085 1500 2127 prefati
1515 2084 1652 2126 episcopi

183 2155 311 2187 nomine
329 2155 428 2197 Regis
443 2166 500 2197 pro
523 2155 637 2187 comite
653 2156 739 2197 quod
756 2160 945 2198 gar-nestum
963 2157 1063 2198 ipsius
1083 2156 1207 2188 comitis
1230 2166 1286 2197 per
1308 2157 1412 2186 totum
1428 2164 1447 2184 a
1469 2153 1651 2195 supradicto

183 2228 285 2255 castro
300 2224 425 2255 recedet
441 2224 588 2265 quodque
604 2224 670 2265 ipse
687 2235 790 2255 comes
805 2225 844 2256 de
859 2225 915 2256 illo
938 2227 1038 2256 castro
1054 2224 1212 2266 pendente
1236 2223 1292 2254 lite
1315 2233 1347 2253 se
1370 2233 1433 2253 non
1457 2221 1651 2253 intromittet
