1820 2548
1523 162 1586 193 727

167 313 350 355 calumpnia
379 312 443 344 mei
470 315 502 344 et
531 323 675 345 meorum
705 313 939 355 inperpetuum.
996 313 1174 347 Reddendo
1204 315 1279 347 inde
1302 316 1469 348 annuatim
1493 317 1572 349 mihi
1598 321 1629 349 et

168 382 339 415 heredibus
353 382 434 413 meis
449 381 514 413 sive
529 381 699 423 assignatis
714 382 793 413 meis
808 385 945 424 quatuor
957 383 1102 414 denarios
1114 383 1260 415 videlieet
1272 384 1313 415 ad
1322 384 1440 416 festum
1452 385 1631 418 nativitatis

167 451 253 483 beati
277 450 451 482 JOHANNIS
475 449 643 482 BAPnsTE
669 451 749 481 duos
774 450 920 482 denarios
942 453 974 482 et
997 452 1037 483 ad
1060 451 1179 483 festum
1202 451 1311 483 Sancti
1333 452 1528 485 Mmfflmm
1551 455 1630 486 duos

169 519 315 551 denarios
330 529 387 561 pro
403 517 522 550 auxilio
538 517 659 550 herieto
674 518 791 550 relevio
808 521 890 550 secta
903 519 988 551 curie
1003 530 1060 561 pro
1075 519 1163 551 omni
1179 520 1309 552 servicio
1321 521 1454 552 seculari
1466 522 1629 554 exactione

168 586 450 620 consuetudinibus
465 588 497 617 et
513 585 704 617 omnimodis
721 587 888 619 demandis
899 599 959 629 que
976 588 1015 619 de
1030 590 1115 619 terra
1125 588 1301 630 exiguntur
1309 589 1359 621 vel
1369 589 1456 632 exigi
1468 594 1627 632 poterunt.

167 656 240 698 Ego
264 667 337 687 vero
360 653 522 696 predictus
545 653 742 687 WAermws
766 654 870 687 Cocvs
893 656 978 687 filius
1003 655 1157 688 Hem-mcx
1183 656 1260 688 Com
1288 659 1319 688 et
1339 657 1469 690 heredes
1493 660 1555 690 mei
1580 660 1629 692 vel

167 723 321 766 assignati
336 722 399 754 mei
414 722 572 764 predictas
587 723 667 754 duas
687 734 774 755 aeras
790 726 872 755 terre
896 736 967 755 cum
990 724 1192 766 pertinentiis
1215 725 1279 756 suis
1301 726 1386 758 dicto
1408 726 1584 759 WALTERO
1600 731 1630 760 et

166 791 337 824 heredibus
359 791 423 822 suis
446 790 510 821 sive
534 790 704 832 assignatis
728 791 791 823 suis
815 792 864 823 vel
887 792 938 824 cui
961 804 1013 824 eas
1027 793 1060 824 in
1082 793 1233 825 extremis
1248 794 1355 836 legare
1371 795 1506 827 voluerit
1522 799 1631 829 eontra

168 872 277 893 omnes
291 859 435 891 homines
451 861 482 891 et
498 870 607 891 omnes
629 859 763 891 feminas
786 860 1010 902 inperpetuum
1034 861 1311 894 warentizabimus
1333 863 1585 905 acquietabimus
1600 868 1631 897 et

167 930 386 962 defendemus.
434 927 478 959 Et
502 928 576 969 quia
599 928 670 959 volo
694 929 778 970 quod
802 928 859 960 hee
882 941 952 961 mea
976 930 1105 962 donatio
1128 931 1284 962 concessio
1307 934 1338 962 et
1370 934 1454 964 carte
1477 935 1632 974 presentis

166 997 366 1031 confirmacio
382 997 478 1028 robur
495 996 704 1028 firmitudinis
724 998 892 1039 optineant
908 998 966 1029 hoe
987 1010 1115 1040 presens
1131 999 1283 1041 scriptum
1307 1000 1405 1042 sigilli
1421 1001 1483 1032 mei
1500 1002 1630 1044 impres-

164 1067 252 1100 sione
268 1066 400 1098 munivi.
448 1065 525 1097 Hiis
540 1065 675 1097 testibus
694 1091 699 1097 .
717 1066 847 1098 domino
858 1066 1033 1099 WALTERO
1046 1068 1085 1098 de
1098 1067 1224 1099 RENNY
1238 1094 1244 1099 .
1257 1068 1426 1100 Pfflmppo
1438 1069 1608 1102 THURGOD
1626 1097 1631 1102 ,

165 1136 379 1169 ALEXANDRO
409 1134 475 1166 filio
498 1133 666 1166 anucn
692 1160 698 1166 .
724 1134 850 1166 Tuom
874 1135 1044 1167 'Daemon
1062 1163 1068 1167 .
1086 1135 1162 1168 ISAc
1180 1163 1185 1168 .
1204 1136 1380 1169 Mmmcm
1404 1138 1600 1171 FLEMMIssE
1626 1167 1631 1172 .

167 1204 360 1237 WILLELMO
376 1202 472 1235 Anno
489 1205 521 1233 et
537 1202 616 1234 aliis.

209 1273 310 1306 Small
324 1272 429 1304 round
444 1271 517 1311 seal,
535 1282 632 1314 green
648 1283 738 1303 wax:
765 1284 783 1304 a
801 1272 1002 1305 fleur-de-lis.

694 1343 702 1357 ‘
719 1345 750 1377 -f-
772 1340 796 1372 s’
814 1351 968 1372 WALTERI
988 1367 993 1372 .
1014 1342 1104 1373 COCI.'

798 1482 1010 1515 DCLXVII.

166 1564 397 1604 0RIST1NA,
444 1563 620 1596 WIDOW
665 1563 724 1595 OF
774 1563 994 1596 MAURICE
1047 1563 1111 1596 DE
1164 1564 1403 1605 LANDOCH,
1446 1566 1632 1600 GRANTS

274 1633 406 1666 LAND
445 1632 498 1664 IN
529 1632 627 1664 THE
658 1632 750 1664 FEE
782 1632 841 1664 OF
871 1632 1102 1664 PENNARD
1133 1632 1191 1665 ΤΟ
1222 1633 1325 1665 HER
1362 1634 1631 1669 DAUGHTER

275 1702 427 1734 ALICE.

661 1744 765 1787 [Ano.
791 1744 965 1783 ΟΗΑκΊῈκ,
990 1744 1136 1787 24,295.]
1510 1747 1587 1780 SD.

210 1827 319 1860 Sciant
334 1829 494 1868 presentes
517 1833 548 1858 et
570 1826 672 1858 futiui
696 1827 781 1868 quod
805 1837 864 1868 ego
888 1826 1050 1857 offusum
1073 1826 1183 1858 relicte,
1207 1826 1376 1858 MAmucn
1401 1828 1440 1859 de
1463 1827 1630 1861 Lmnocn

168 1897 203 1928 in
227 1907 304 1937 pura
330 1894 491 1925 viduetate
514 1905 585 1925 mea
605 1898 637 1926 et
660 1895 693 1925 in
716 1894 801 1936 legia
824 1897 979 1936 potestate
1003 1906 1073 1926 mea
1095 1895 1169 1926 dedi
1192 1895 1327 1926 concessi
1353 1898 1383 1927 et
1407 1896 1465 1928 hac
1492 1899 1630 1939 presenti

166 1968 253 1996 carta
275 1974 345 1995 mea
361 1962 543 1994 confirmavi
567 1962 689 1993 Amen:
705 1962 769 1994 fflie
792 1973 860 1994 mee
876 1965 1013 2004 quatuor
1028 1974 1115 1994 acras
1129 1966 1212 1994 terre
1235 1963 1364 1995 arabilis
1387 1966 1419 1996 et
1441 1967 1503 1997 tres
1526 1969 1631 2008 partes

166 2033 262 2065 unius
287 2043 357 2063 aere
383 2031 467 2072 prati
495 2042 566 2062 oum
591 2030 793 2072 pertinentiis
819 2031 852 2062 in
879 2031 973 2062 feodo
1000 2032 1038 2063 de
1063 2031 1232 2063 PENNARD
1257 2044 1313 2074 per
1329 2034 1453 2065 easdem
1477 2038 1576 2066 metas
1600 2038 1631 2067 et

165 2101 333 2134 habundus
356 2100 420 2141 (sic)
440 2110 496 2141 per
516 2110 594 2140 quas
615 2110 675 2141 ego
690 2099 807 2130 dictam
824 2102 939 2131 terram
957 2111 1099 2141 unquam
1116 2100 1230 2132 melius
1244 2101 1370 2143 plenius
1385 2101 1515 2133 liberius
1531 2104 1629 2134 tenui.

165 2169 355 2202 Tenendum
373 2171 405 2199 et
429 2167 612 2199 habendum
635 2167 753 2199 dictam
777 2170 894 2199 terram
917 2179 1040 2210 prome
1056 2171 1086 2200 et
1110 2168 1280 2201 heredibus
1296 2170 1373 2202 meis
1390 2170 1440 2202 vel
1463 2172 1632 2214 assignatis

167 2239 225 2271 sibi
257 2240 290 2269 et
320 2236 490 2270 herodibus
521 2237 585 2268 suis
615 2236 663 2267 vel
696 2236 865 2279 assignatis
892 2236 989 2268 libere
1017 2237 1122 2279 quiete
1149 2236 1228 2269 bene
1256 2239 1383 2280 pacifice
1410 2239 1534 2281 integre
1560 2241 1632 2283 jure
