1820 2548
1529 169 1592 200 987

776 325 1025 359 DCCOXLIX.

174 408 541 442 RENUNCIATION
579 408 643 441 BY
681 407 917 440 TRAHARN
954 407 1017 440 ΑΡ
1055 407 1141 440 RES
1182 406 1241 439 OF
1282 406 1534 439 TYRIARTH
1578 406 1637 438 OF

279 471 312 504 A
343 471 559 503 RELEASE
590 470 655 503 BY
685 470 783 502 THE
814 470 971 502 ABBOT
1002 470 1061 502 OF
1094 468 1303 501 MARGAM
1338 469 1397 501 OF
1431 468 1638 501 TWENTY

280 533 546 573 SHILLINGS,
567 532 695 565 RENT
717 532 776 564 OF
796 532 929 564 LAND
950 532 1005 564 IN
1026 532 1125 564 THE
1147 531 1238 563 FEE
1259 530 1317 563 OF
1336 530 1637 563 NEWCASTLE.

710 606 883 650 [MARGAM
908 605 1100 647 CHARTER]

861 681 914 714 ST.
939 681 1132 713 AMBRosn’s
1154 680 1241 713 Du.
1288 683 1308 712 4
1330 680 1455 715 Amul„
1502 681 1596 713 1305.

217 757 385 790 Universis
409 756 550 789 Cfflusn
574 755 722 788 fidelibus
744 760 906 798 presentes
936 756 1045 788 literas
1067 767 1097 788 v.
1122 756 1172 788 vel
1196 767 1223 788 a.
1250 755 1422 788 TRfflARN
1446 767 1486 799 ap
1510 756 1580 788 RES
1603 756 1643 789 de

175 825 358 858 Trnmz‘rfl
374 825 509 858 salutem
524 825 559 857 in
575 824 726 857 Domino.

217 894 353 926 Noverit
376 893 566 926 universitas
589 896 693 925 vestra
716 905 766 925 me
790 894 954 935 quondam
978 892 1125 925 habuisse
1148 893 1187 925 de
1218 892 1333 925 abbate
1363 894 1402 925 de
1432 893 1588 925 MARGAN
1611 896 1644 925 et

174 963 319 1006 ejusdem
343 962 405 995 loei
429 967 588 994 conventu
613 962 775 1004 quandam
801 962 928 993 literam
953 961 1163 994 relaxaeionis
1196 961 1312 1004 viginti
1343 962 1517 994 solidorum
1542 962 1643 994 annui

173 1031 317 1064 redditus
343 1032 382 1063 de
406 1033 490 1063 terra
517 1041 613 1072 quam
636 1037 729 1062 teneo
751 1031 790 1062 de
814 1031 907 1062 dietis
930 1030 1045 1062 abbate
1068 1032 1099 1062 et
1124 1033 1283 1062 conventu
1306 1030 1340 1062 in
1363 1030 1457 1062 feodo
1481 1031 1520 1063 de
1543 1030 1642 1063 Novo

175 1100 304 1132 CASTRO
320 1110 417 1142 quam
433 1099 563 1142 quidem
578 1101 697 1131 terram
713 1099 734 1131 J
736 1110 895 1131 OHANNES
910 1099 1036 1131 Mys-ov
1055 1099 1217 1141 quondam
1235 1099 1341 1131 tenuit
1356 1102 1402 1131 set
1419 1111 1437 1131 a
1453 1099 1504 1131 die
1520 1099 1643 1132 confec-

174 1169 271 1201 tionis
287 1168 483 1210 presentium
499 1170 530 1200 et
539 1168 737 1210 inposterum
753 1168 824 1200 volo
835 1180 891 1209 pro
907 1179 958 1199 me
974 1170 1005 1200 et
1020 1167 1191 1200 heredibus
1207 1167 1286 1200 meis
1296 1169 1362 1200 sive
1378 1168 1548 1211 assignatis
1561 1169 1646 1211 quod

175 1237 317 1280 predicta
346 1237 440 1269 litera
469 1236 570 1268 sicubi
600 1237 733 1268 inventa
762 1236 862 1269 fuerit
889 1237 931 1269 ad
963 1236 1192 1279 cujuscumque
1217 1248 1331 1269 manus
1353 1237 1531 1279 pervenerit
1556 1237 1646 1269 irrita

176 1307 304 1349 penitus
326 1305 366 1338 sit
390 1308 422 1337 et
444 1305 550 1337 inanis
572 1317 630 1337 nee
653 1305 750 1337 robur
772 1309 829 1337 aut
854 1305 1040 1338 firmitatem
1063 1305 1205 1348 aliquam
1228 1306 1371 1348 optineat
1394 1306 1620 1348 inperpetuum
1637 1330 1644 1340 .

175 1374 277 1406 fateor
309 1374 406 1406 etia-m
436 1385 487 1406 me
525 1374 668 1406 decetero
696 1373 833 1416 obligari
860 1378 891 1406 et
919 1374 1021 1406 teneri
1051 1375 1092 1406 ad
1117 1374 1311 1406 solucionem
1341 1374 1518 1416 plenariam
1546 1374 1647 1406 annui

177 1442 320 1474 redditus
335 1443 428 1474 dictis
443 1441 552 1474 abbati
568 1446 599 1474 et
615 1443 788 1474 conventui
804 1442 983 1474 faciendam
1008 1442 1175 1474 annuatim
1198 1446 1293 1484 prout
1315 1442 1338 1475 J
1340 1453 1498 1474 OHANNES
1520 1442 1646 1474 MYNo'r

177 1512 231 1553 qui
258 1512 391 1543 eandem
416 1513 533 1543 terram
560 1515 635 1543 ante
661 1523 712 1543 me
738 1511 842 1543 tenuit
867 1512 1029 1553 quondam
1055 1511 1158 1543 faeere
1184 1512 1356 1543 consuevit.
1403 1511 1449 1544 Et
1475 1514 1511 1543 ut
1539 1511 1646 1544 omnia

176 1579 350 1622 prescripta
370 1582 441 1611 rata
463 1579 527 1611 sint
550 1582 582 1612 et
604 1580 789 1612 inconeussa
812 1580 955 1623 sigillum
978 1591 1085 1612 meum
1109 1580 1308 1622 presentibus
1339 1581 1480 1623 apposui.
1537 1580 1581 1612 Et
1605 1581 1646 1612 ad

179 1648 334 1690 majorem
360 1648 561 1680 securitatem
588 1649 695 1691 sigilla
722 1649 820 1681 etiam
843 1649 1093 1691 subscriptorum
1124 1649 1241 1691 apponi
1271 1649 1437 1691 procuravi
1462 1674 1468 1681 .
1494 1649 1612 1681 scilicet
1637 1675 1643 1681 .

179 1716 331 1748 Lm'snu
359 1727 399 1759 ap
422 1716 573 1748 Momms-
599 1717 721 1749 domini
748 1718 787 1750 de
815 1717 940 1749 Avmss
970 1743 976 1749 .
1004 1717 1152 1750 Rmfflm
1174 1717 1322 1750 SYWARD
1345 1744 1351 1749 .
1374 1722 1405 1750 et
1427 1717 1582 1750 Romam
1606 1719 1646 1750 de

177 1784 344 1817 CANTELO.

220 1853 343 1886 Datum
359 1854 445 1895 apud
461 1853 614 1885 MARGAN
631 1854 683 1886 die
698 1853 784 1886 beati
798 1854 969 1887 AMBRosn
992 1855 1130 1897 episcopi
1151 1860 1181 1888 et
1205 1855 1391 1888 confessoris
1414 1867 1498 1888 anno
1522 1856 1644 1887 domini

177 1922 346 1955 millesimo
361 1922 582 1954 trecentesimo
598 1922 720 1964 quinto.

220 1991 308 2023 Four
323 1991 413 2030 seals,
430 1991 450 2022 2
466 1991 531 2023 and
547 1991 567 2022 3
583 1991 726 2033 missing.

220 2062 248 2093 1.
297 2060 403 2092 Green
419 2071 499 2092 wax.
547 2059 685 2092 Pointed
701 2061 783 2100 oval,
801 2061 887 2103 lgm.
906 2061 950 2103 by
967 2061 1031 2103 {in
1077 2061 1110 2093 A
1126 2061 1193 2094 lion
1208 2066 1356 2104 rampant
1372 2062 1406 2094 in
1423 2061 1549 2094 combat
1565 2061 1644 2094 with

175 2133 194 2154 a
209 2133 349 2164 wyvern.

617 2167 624 2181 ‘
641 2170 672 2202 4
688 2176 850 2197 smmum
872 2176 1036 2198 TRAHARN
1059 2177 1102 2198 ΑΡ
1126 2165 1208 2198 RES.’

218 2234 247 2266 4.
295 2233 400 2266 Green
417 2244 496 2266 wax.
543 2233 752 2277 HexagonaL
770 2234 834 2274 gin.
852 2234 948 2266 diam.
994 2234 1050 2267 An
1065 2234 1184 2277 Agnus
1199 2234 1271 2266 Dei.

600 2300 607 2313 ‘
626 2301 658 2333 -1-
679 2296 704 2328 s'
720 2307 855 2328 rsuram
873 2322 879 2328 .
897 2307 942 2328 DE
966 2321 1203 2329 ........
1208 2297 1216 2311 '
