1820 2548
1569 205 1633 236 919

850 607 1048 640 DCCGVII.

212 689 575 723 OONFIRMATION
626 688 692 721 BY
736 688 921 728 LEISAN,
975 688 1063 722 SON
1117 689 1176 722 OF
1227 691 1440 732 MORGAN,
1486 692 1546 725 OF
1598 693 1679 726 HIS

320 756 552 790 FATHER’S
605 756 791 789 GRANTS
845 756 898 788 IN
952 757 1048 789 THE
1094 757 1261 791 MARSH
1307 759 1366 791 OF
1410 760 1575 794 AVENE
1621 761 1678 793 ΤΟ

321 825 532 858 MARGAM
569 825 741 857 ABBEY.

756 906 929 950 [MARGAM
953 906 1146 951 CHARTER]

259 989 416 1022 Omnibus
435 989 550 1022 Sancte
573 988 701 1021 ecclesie
719 988 794 1021 filiis
814 988 1015 1031 presentibus
1036 991 1067 1021 et
1091 989 1211 1022 futuris
1232 989 1386 1024 Lmsmm
1408 992 1492 1024 filius
1515 992 1679 1025 MORGANJ

214 1059 360 1091 salutem.

258 1127 373 1160 Sciatis
387 1137 438 1157 me
454 1125 639 1157 concessisse
654 1128 686 1157 et
701 1124 760 1157 hac
775 1128 862 1158 carta
882 1126 1082 1158 confirmasse
1098 1125 1169 1158 Deo
1185 1130 1218 1158 et
1232 1128 1360 1160 ecclesie
1375 1128 1491 1161 Sancte
1507 1129 1628 1161 Mnus
1644 1131 1683 1162 de

214 1197 370 1229 MARGAN
391 1198 423 1227 et
443 1194 608 1227 monachis
626 1194 747 1227 ibidem
767 1194 838 1227 Deo
859 1195 1070 1227 servientibus
1088 1195 1123 1226 in
1142 1195 1348 1229 elemosinam
1366 1200 1469 1230 totam
1487 1202 1606 1230 terram
1621 1210 1683 1241 que

214 1265 399 1298 extenditur
414 1263 448 1295 in
463 1263 599 1306 longum
614 1265 647 1295 et
664 1263 767 1295 latum
786 1275 804 1295 a
819 1263 938 1295 fossato
961 1263 1079 1295 SANAN
1100 1275 1200 1306 usque
1218 1266 1260 1297 ad
1280 1265 1399 1298 fossam
1417 1267 1583 1308 aquariam
1608 1293 1614 1299 .
1639 1267 1685 1300 Et

214 1334 290 1366 inde
310 1333 406 1376 juxta
424 1343 494 1364 eam
515 1332 550 1363 in
573 1332 708 1374 longum
727 1335 760 1364 et
778 1332 881 1364 latum
902 1343 1001 1373 usque
1024 1332 1118 1363 Pom
1139 1332 1323 1365 SCHETHAN
1343 1360 1349 1366 .
1367 1345 1464 1376 quam
1484 1339 1575 1376 pater
1596 1347 1685 1369 meus

215 1403 410 1436 MORGANUS
431 1401 519 1433 dedit
539 1401 673 1443 prefatis
696 1401 859 1433 monachis
886 1402 920 1433 in
945 1402 1153 1435 elemosinam
1177 1414 1234 1445 per
1260 1403 1367 1434 omnia
1394 1403 1474 1435 sicut
1500 1406 1586 1436 carta
1612 1405 1684 1448 ejus

215 1475 359 1504 testatur.
406 1470 452 1502 Et
472 1470 636 1502 sciendum
657 1470 743 1512 quod
769 1471 897 1502 affidavi
921 1473 953 1502 et
980 1483 1074 1513 super
1095 1474 1292 1503 sacrosancta
1316 1471 1443 1504 ecclesie
1465 1472 1573 1514 juravi
1599 1475 1684 1515 quod

215 1541 298 1574 hanc
322 1539 528 1572 donationem
553 1539 653 1581 patris
677 1539 740 1571 mei
763 1540 994 1581 prenominatis
1018 1540 1182 1573 monachis
1205 1541 1417 1573 warantizabo
1442 1544 1551 1573 contra
1574 1553 1683 1574 omnes

214 1610 360 1643 homines
375 1609 410 1640 in
425 1610 624 1650 perpetuum.
671 1607 717 1640 Et
732 1608 807 1650 quia
823 1608 967 1651 sigillum
983 1620 1090 1641 meum
1107 1620 1232 1641 meeum
1248 1621 1313 1642 non
1328 1609 1427 1642 habui
1441 1636 1447 1642 .
1461 1610 1567 1652 sigillo
1583 1611 1683 1653 patris

215 1679 279 1711 mei
304 1677 387 1709 hanc
413 1679 533 1708 cartam
559 1676 707 1719 sigillavi.
754 1676 832 1709 Hiis
857 1677 992 1710 testibus
1017 1703 1023 1709 .
1050 1677 1267 1710 KENEWRmc
1289 1678 1464 1721 presbitero
1483 1679 1522 1711 de
1543 1679 1681 1711 LANGA-

217 1757 350 1778 anAcn
374 1770 380 1776 .
403 1744 535 1777 Ouum
558 1744 706 1776 Auel-usa
728 1770 734 1776 .
757 1744 941 1777 JORVERTH
964 1746 1029 1778 filio
1053 1746 1155 1778 Hom,
1178 1771 1185 1778 .
1211 1745 1361 1778 GRIFFIN
1386 1746 1441 1778 Du
1469 1772 1475 1778 .
1500 1746 1684 1779 Imaum>

215 1816 282 1848 filio
306 1813 470 1846 ΘΝΕ-ΠΜ
497 1838 503 1844 .
527 1813 699 1845 MORGANO
721 1814 788 1846 filio
812 1814 977 1846 Gmrmm
1003 1839 1010 1846 .
1028 1814 1170 1847 Wmmu
1193 1814 1259 1847 filio
1282 1814 1452 1847 MAURxcn
1478 1841 1485 1847 .
1503 1815 1594 1848 Wm·
1618 1815 1684 1848 filio

217 1883 382 1917 GEFFREI.

260 1951 462 1984 Entitled—‘
476 1949 573 1982 Carta
593 1950 800 1982 concessionis
818 1950 937 1983 Leisan
958 1951 997 1983 de
1017 1951 1244 1983 donationibus
1266 1952 1365 1994 patris
1380 1952 1429 1984 sui
1446 1952 1479 1983 in
1495 1952 1628 1984 marisco
1644 1953 1683 1984 de

216 2021 331 2053 Avene
349 2030 354 2051 :
372 2018 440 2050 sine
455 2018 607 2050 redditu)
