1820 2548
222 216 305 246 1170

178 371 432 403 inhabitantibus
448 384 503 404 seu
519 375 636 404 terram
657 372 839 405 tenentibus
859 373 998 406 diversas
1019 373 1179 407 libertates
1201 375 1376 408 tenendum
1399 378 1431 408 et
1452 376 1636 410 habendum

179 438 238 471 sibi
265 442 296 471 et
324 440 550 473 successoribus
574 441 638 473 suis
658 452 713 473 seu
734 441 904 473 heredibus
929 445 961 473 et
983 442 1153 485 assignatis
1177 443 1242 475 suis
1266 443 1502 485 imperpetuum
1526 444 1639 477 volens

177 508 307 549 insuper
329 513 361 540 et
385 509 557 540 concedens
580 520 636 551 pro
659 520 692 541 se
714 511 746 541 et
769 509 938 542 heredibus
956 513 987 542 et
1006 511 1176 553 assignatis
1191 511 1256 542 suis
1271 512 1356 553 quod
1371 513 1636 555 quandocumque

177 575 244 617 ipse
260 576 309 608 vel
321 575 451 608 heredes
463 577 512 608 sui
524 577 573 609 vel
586 578 739 620 assignati
750 578 889 619 aliquem
899 579 1067 610 articulum
1083 578 1223 620 ipsarum
1239 578 1424 611 libertatum
1436 590 1635 623 quacumque

177 647 244 676 arte
261 645 311 676 vel
327 645 456 687 ingenio
472 646 627 678 violarent
643 649 752 678 contra
762 646 862 678 dictas
878 647 1090 679 concessiones
1104 649 1135 679 et
1151 646 1313 679 libertates
1325 649 1381 679 aut
1392 648 1636 681 consuetudines

176 724 230 744 seu
246 713 374 745 illarum
390 714 530 755 aliquam
542 714 576 746 in
589 726 788 756 quocumque
801 715 934 747 articulo
949 718 1066 747 temere
1078 715 1234 747 veniendo
1250 716 1379 748 domino
1395 716 1481 759 Regi
1494 716 1634 749 ANGLIE

175 782 209 813 in
226 782 411 824 quingentis
426 782 515 814 libris
531 783 656 825 argenti
668 784 797 815 nomine
811 784 883 826 puri
896 783 995 816 debiti
1011 795 1133 816 necnon
1149 784 1199 816 cui
1212 784 1261 816 vel
1273 784 1389 826 quibus
1400 796 1440 816 ex
1452 784 1637 818 hominibus

174 851 324 892 predictis
340 855 397 883 aut
412 851 580 884 heredibus
596 863 704 884 eorum
720 851 909 893 injmiatum
925 852 1008 884 foret
1028 854 1137 884 contra
1152 852 1236 884 dicte
1256 856 1340 884 carte
1356 855 1498 885 tenorem
1513 853 1547 885 in
1563 853 1636 886 aliis

173 919 359 961 quingentis
388 919 477 951 libris
502 920 628 962 argenti
653 921 780 952 nomine
806 920 878 962 puri
902 919 1002 952 debiti
1026 920 1184 952 solvendis
1210 932 1275 952 una
1302 932 1374 952 cum
1400 921 1548 963 dampnis
1572 921 1633 954 sibi

173 988 397 1030 adjudicandis
413 989 587 1020 secundum
602 989 744 1030 parcium
760 989 888 1020 illarum
905 989 1165 1021 consuetudinem
1184 988 1270 1021 infra
1285 989 1454 1021 dimidium
1478 1001 1599 1022 annum
1614 1001 1633 1022 a

173 1059 314 1099 tempore
332 1057 588 1099 transgressionis
603 1057 767 1089 commisse
783 1058 1066 1100 quocienscumque
1082 1057 1223 1089 facerent
1239 1058 1289 1090 vel
1305 1060 1534 1100 attemptarent
1545 1059 1634 1101 quic·

172 1125 250 1166 quid
265 1128 375 1157 contra
390 1126 542 1167 premissa
558 1128 613 1157 aut
634 1137 743 1158 eorum
764 1126 871 1168 aliqua
893 1138 924 1158 se
948 1130 979 1158 et
1001 1126 1131 1158 heredes
1153 1137 1224 1158 suos
1246 1128 1355 1158 tenore
1380 1126 1525 1168 ejusdem
1547 1130 1631 1160 carte

171 1194 272 1225 teneri
288 1197 319 1225 et
335 1193 471 1237 obligari
486 1206 522 1226 ac
536 1194 605 1236 jam
621 1206 659 1226 ex
679 1194 900 1237 frequentibus
919 1195 1055 1236 querelis
1070 1194 1267 1226 diversorum
1283 1195 1450 1226 hominum
1465 1198 1497 1227 et
1519 1197 1630 1227 tenen-

170 1262 253 1294 cium
270 1265 352 1294 terre
368 1263 508 1304 predic-te
523 1263 734 1305 acceperimus
750 1263 835 1305 quod
853 1263 1026 1295 Rmmnns
1041 1263 1080 1295 de
1104 1263 1263 1294 PESHALE
1279 1266 1311 1295 et
1329 1263 1442 1295 AL1NA
1464 1275 1545 1296 uxor
1559 1263 1630 1306 ejus

170 1330 234 1362 filia
258 1335 290 1362 et
312 1330 401 1362 heres
424 1331 540 1373 prefati
563 1330 749 1363 WILLELMI
775 1331 896 1363 domini
918 1334 1000 1363 terre
1023 1331 1164 1373 predicte
1187 1332 1226 1363 de
1243 1331 1371 1363 Gowmz
1387 1331 1511 1364 diversa
1526 1334 1627 1364 trans-

169 1399 343 1440 gressiones
359 1399 575 1441 oppressiones
590 1399 725 1441 injurias
748 1400 887 1442 dampna
910 1402 942 1432 et
964 1399 1151 1442 gravamina
1172 1399 1408 1442 quampliuima
1429 1402 1497 1432 tam
1519 1411 1576 1442 per
1597 1411 1630 1432 se

169 1471 200 1499 et
231 1479 287 1509 per
317 1468 478 1499 ministros
504 1479 576 1500 suos
606 1468 725 1500 ibidem
755 1468 847 1500 dictis
871 1467 1053 1500 hominibus
1083 1470 1115 1500 et
1146 1468 1329 1500 tenentibus
1354 1471 1463 1500 contra
1493 1468 1630 1501 formam

168 1535 353 1568 libertatum
370 1539 401 1568 et
417 1536 652 1568 concessionum
668 1536 882 1578 predictarum
898 1539 930 1568 et
951 1539 1060 1568 contra
1082 1537 1169 1579 leges
1192 1539 1222 1568 et
1246 1537 1488 1569 consuetudines
1510 1536 1630 1569 ibidem

169 1603 294 1635 habitas
310 1607 341 1636 et
357 1604 509 1636 hactenus
525 1605 657 1636 usitatas
673 1605 894 1647 multipliciter
915 1605 1096 1636 intulerunt
1118 1607 1150 1637 et
1173 1604 1276 1636 adhuc
1299 1605 1402 1637 indies
1424 1604 1542 1637 inferre
1564 1617 1629 1637 non

168 1673 325 1704 desistunt
342 1673 375 1704 in
391 1673 531 1715 ipsorum
548 1673 714 1705 hominum
730 1675 762 1704 et
777 1673 958 1704 tenencium
980 1673 1182 1714 dispendium
1206 1684 1270 1705 non
1287 1673 1447 1705 modicum
1462 1676 1495 1705 et
1510 1673 1628 1716 depau-

169 1741 368 1782 peraciouem
380 1741 583 1773 manifestam
596 1741 634 1773 de
647 1740 763 1783 quibus
778 1741 907 1782 quidem
919 1740 1222 1783 transgressionibus
1233 1740 1487 1783 oppressionibus
1502 1740 1631 1783 injuriis

169 1809 317 1851 dampnis
332 1812 363 1841 et
379 1809 619 1851 gravaminibus
641 1809 717 1841 dicti
738 1809 882 1841 homines
897 1811 929 1840 et
944 1811 1089 1840 tenentes
1112 1809 1145 1841 iu
1168 1809 1254 1841 curia
1272 1810 1412 1851 ipsorum
1428 1809 1573 1841 RmARm
1597 1812 1629 1842 et

169 1877 284 1909 Ama:
301 1889 357 1919 pro
373 1888 409 1909 eo
425 1878 510 1919 quod
527 1877 677 1919 premissa
697 1877 780 1919 ipsos
800 1880 940 1918 tangunt
961 1877 1122 1919 justiciam
1144 1878 1292 1919 consequi
1307 1889 1371 1909 non
1387 1880 1519 1919 possunt
1534 1888 1630 1919 super

171 1957 233 1986 quo
259 1945 357 1976 iidem
384 1945 528 1977 homiues
553 1948 584 1977 et
611 1949 756 1977 tenentes
782 1956 838 1987 per
867 1945 1056 1987 peticionem
1086 1957 1175 1977 suam
1199 1957 1303 1977 coram
1326 1944 1417 1977 nobis
1439 1948 1471 1977 et
1500 1945 1633 1978 consilio

172 2019 278 2045 nostro
310 2013 343 2044 in
374 2013 583 2055 parliamento
613 2016 720 2045 nostro
744 2013 920 2045 exhibitam
943 2013 1033 2045 nobis
1056 2013 1274 2055 supplicarunt
1297 2016 1334 2044 ut
1356 2013 1400 2045 eis
1424 2014 1463 2045 de
1489 2013 1629 2046 remedio

172 2082 206 2113 in
248 2081 305 2113 hae
351 2084 440 2123 parte
486 2081 643 2123 provideri
679 2093 858 2113 curaremus
894 2093 951 2113 nos
986 2081 1086 2124 igitur
1127 2082 1168 2113 ad
1201 2081 1412 2113 concessiones
1455 2083 1488 2113 et
1530 2092 1629 2123 penas

170 2150 327 2192 predictas
357 2149 642 2181 consideracionem
672 2149 825 2181 habentes
854 2161 890 2180 ac
918 2149 1041 2181 ratione
1072 2149 1239 2191 superioris
1270 2149 1392 2180 domini
1426 2160 1488 2191 quo
1522 2159 1630 2181 sumus

172 2218 319 2250 omnibus
335 2220 366 2249 et
382 2217 518 2259 singulis
533 2218 572 2249 de
587 2228 686 2259 regno
702 2220 733 2249 et
749 2217 899 2249 dominiis
913 2217 1029 2249 nostris
1045 2217 1079 2249 in
1103 2216 1301 2249 exhibicione
1323 2216 1449 2258 justicie
1472 2215 1630 2249 debitores

173 2287 314 2318 volentes
329 2288 396 2317 tam
412 2296 468 2327 pro
484 2284 575 2317 nobis
591 2296 686 2327 quam
703 2297 758 2327 pro
776 2285 924 2327 predictis
945 2285 1128 2317 hominibus
1150 2288 1182 2317 et
1205 2284 1388 2317 tenentibus
1403 2285 1436 2316 in
1459 2284 1517 2316 hac
1539 2287 1631 2326 parte
