1820 2548
234 202 318 233 1014

790 560 1038 593 DCCCLVIII.

186 641 469 677 QUIT-CLAIM
514 641 578 673 BY
622 640 784 673 MADOC
828 641 890 673 ΑΡ
912 653 914 655 ’
935 641 1052 674 REES
1097 641 1154 673 ΤΟ
1201 640 1387 673 ΜἙΠΗΙΟ
1431 639 1544 673 WAR
1580 639 1643 672 AI>

292 709 479 741 MEURIO
534 708 735 741 VACHAN
788 708 847 740 OF
903 709 1088 742 KILVEY
1143 709 1203 741 OF
1252 708 1384 741 LAND
1435 708 1490 740 IN
1545 707 1643 741 TYR

292 777 574 810 TANGUSTEL
610 777 664 809 IN
702 776 910 810 KYLVEY.

779 857 944 900 [FRAxms
967 858 1056 901 MS]
1134 906 1137 908 -

391 938 530 970 stus-nn
546 949 655 969 AFTER
670 938 721 970 ST.
741 938 910 970 Gnonon’s
926 938 1012 970 Du.
1059 940 1079 970 4
1097 938 1192 969 Enw.
1209 937 1256 970 II.
1306 939 1345 969 18
1361 937 1484 976 Armi„
1504 937 1595 969 1311.

225 1020 339 1052 Pateat
354 1020 509 1052 universis
524 1031 580 1062 per
596 1022 757 1063 presentes
773 1020 858 1061 quod
874 1030 933 1062 ego
958 1019 1119 1051 MAnocus
1142 1030 1182 1061 ap
1207 1018 1298 1050 Rus
1314 1021 1381 1050 tam
1404 1029 1460 1060 pro
1477 1028 1528 1050 me
1543 1027 1642 1059 quam

181 1099 238 1130 pro
254 1087 422 1120 heredibus
437 1088 515 1119 meis
531 1090 562 1119 et
578 1088 748 1130 assignatis
763 1088 828 1120 sive
844 1087 1064 1120 executoribus
1078 1087 1156 1119 meis
1178 1086 1285 1119 remisi
1300 1085 1441 1118 relaxavi
1457 1088 1489 1117 et
1511 1084 1642 1117 omnino

183 1156 288 1198 quiete
324 1156 457 1188 clamavi
487 1156 722 1197 imperpetuum
755 1155 895 1187 Mamm·
918 1155 1010 1188 WAR
1032 1166 1072 1197 ap
1095 1154 1235 1186 Mnmuc
1262 1154 1403 1187 Vicum
1431 1154 1470 1185 de
1496 1152 1643 1185 Kuvm

181 1223 349 1256 heredibus
370 1224 434 1256 suis
453 1226 483 1255 et
505 1224 675 1266 assignatis
701 1226 805 1255 totum
829 1223 883 1265 jus
909 1226 940 1255 et
967 1223 1117 1255 olamium
1141 1223 1227 1265 quod
1244 1221 1343 1254 habuj
1360 1221 1409 1253 vel
1423 1221 1531 1263 aliquo
1546 1221 1642 1252 modo

180 1292 294 1324 habere
322 1292 411 1334 potui
436 1292 470 1323 in
496 1292 552 1323 illa
578 1294 663 1324 terra
689 1303 751 1334 que
781 1295 912 1323 vocatur
942 1291 1015 1324 ΤΠ(
1046 1290 1248 1323 Tmen-sut
1277 1290 1311 1322 in
1342 1289 1488 1321 KYLVEY
1518 1289 1641 1321 ratione

181 1361 382 1403 quarundam
407 1371 617 1402 expensarum
643 1371 720 1401 quas
747 1360 827 1392 eirca
854 1360 988 1392 eandem
1007 1364 1125 1391 terram
1149 1359 1312 1401 quondam
1333 1358 1392 1390 feei
1413 1368 1491 1400 quas
1515 1357 1644 1399 quidem

181 1429 281 1461 dictas
297 1439 450 1471 expensas
465 1428 623 1470 predictus
639 1428 777 1460 Min-mc
793 1427 885 1460 WAR
906 1427 986 1459 mihi
1009 1427 1149 1469 plenarie
1172 1427 1311 1459 restituit
1326 1426 1372 1458 ita
1395 1426 1480 1468 quod
1502 1436 1560 1457 nee
1582 1435 1642 1467 ego

175 1508 232 1530 nec
247 1497 377 1529 heredes
392 1497 455 1528 mei
469 1508 572 1538 neque
588 1497 741 1538 assignati
757 1507 858 1538 neque
874 1499 1055 1528 executores
1070 1495 1133 1528 mei
1148 1507 1205 1527 nec
1215 1494 1330 1537 aliquis
1346 1494 1427 1526 alius
1441 1505 1497 1535 per
1512 1504 1564 1526 me
1580 1492 1633 1525 vel

179 1576 236 1608 pro
248 1576 298 1596 me
314 1576 369 1597 seu
381 1565 510 1596 nomine
521 1576 592 1597 meo
604 1576 712 1596 versus
724 1564 887 1606 prefatum
898 1563 1037 1596 Mssnmc
1049 1563 1142 1596 WAR
1151 1563 1282 1595 heredes
1305 1573 1376 1594 suos
1395 1561 1447 1594 vel
1463 1561 1641 1604 assignatos

182 1633 323 1676 aliquam
337 1633 493 1665 actionem
510 1633 724 1675 calumpniam
740 1633 805 1664 sive
828 1633 1019 1664 demandam
1042 1632 1164 1664 ratione
1187 1632 1270 1664 dicte
1291 1633 1374 1663 terre
1397 1630 1462 1662 sive
1485 1629 1643 1662 dictarum

184 1713 394 1743 expensarum
410 1702 536 1743 exigere
552 1701 601 1733 vel
617 1701 732 1732 habere
749 1701 814 1732 sive
830 1701 995 1732 vendicare
1019 1700 1193 1742 poterimus
1215 1700 1449 1742 inperpetuum.
1496 1697 1538 1729 In
1548 1696 1641 1739 eujus

186 1770 230 1802 rei
247 1769 465 1802 testimonium
481 1768 679 1811 presentibus
695 1769 837 1812 sigillum
854 1779 962 1801 meum
977 1768 1117 1811 apposui.
1165 1767 1242 1799 Hiis
1257 1767 1390 1799 testibus
1407 1791 1413 1798 .
1431 1765 1643 1798 KENEwmco

186 1838 331 1869 VACHAN
361 1841 438 1869 tune
469 1838 638 1869 senescallo
668 1838 707 1869 de
732 1837 877 1868 KYLVEY
906 1862 912 1868 .
938 1836 1102 1870 JOHANNE
1132 1835 1254 1868 'sunm
1280 1835 1390 1867 elerico
1409 1859 1415 1866 .
1437 1833 1572 1866 WYLYM
1601 1843 1642 1875 ap

187 1905 324 1937 MEYRw
351 1906 495 1937 vacum
522 1931 528 1937 .
558 1905 726 1937 PHILIPPO
752 1905 898 1937 VAcqu
924 1929 930 1935 .
960 1904 1093 1936 Hown
1118 1915 1158 1946 ap
1181 1903 1332 1935 Momm
1350 1928 1356 1934 .
1374 1905 1407 1934 et
1428 1901 1539 1933 multis
1561 1900 1641 1932 aliis,

187 1973 310 2005 Datum
332 1974 418 2015 apud
452 1973 597 2005 Knvm·
628 1973 679 2004 (lie
708 1972 879 2004 Dominiea
910 1972 1055 2014 proxima
1089 1974 1161 2014 post
1197 1971 1315 2003 festum
1351 1969 1460 2002 Sancti
1496 1968 1643 2001 GEORGII

188 2041 327 2073 martiris
342 2053 426 2073 anno
441 2042 532 2084 regni
548 2041 649 2084 Regis
662 2041 830 2072 Enwnzm
847 2041 905 2072 filii
920 2040 1089 2072 Enwmm
1106 2042 1228 2082 quarto.
