<?xml version="1.0" encoding="UTF-8"?>
<!DOCTYPE html PUBLIC "-//W3C//DTD XHTML 1.0 Transitional//EN"
    "http://www.w3.org/TR/xhtml1/DTD/xhtml1-transitional.dtd">
<html xmlns="http://www.w3.org/1999/xhtml" xml:lang="en" lang="en">
 <head>
  <title>
</title>
<meta http-equiv="Content-Type" content="text/html;charset=utf-8" />
  <meta name='ocr-system' content='tesseract 3.04.00' />
  <meta name='ocr-capabilities' content='ocr_page ocr_carea ocr_par ocr_line ocrx_word'/>
</head>
<body>
  <div class='ocr_page' id='page_1' title='image "./cartaeetaliamuni03claruoft_0233.png"; bbox 0 0 1820 2548; ppageno 0'>
   <div class='ocr_carea' id='block_1_1' title="bbox 1537 202 1600 233">
    <p class='ocr_par' dir='ltr' id='par_1_1' title="bbox 1537 202 1600 233">
     <span class='ocr_line' id='line_1_1' title="bbox 1537 202 1600 233; baseline 0 0"><span class='ocrx_word' id='word_1_1' title='bbox 1537 202 1600 233; x_wconf 87' lang='lat'>935</span> 
     </span>
    </p>
   </div>
   <div class='ocr_carea' id='block_1_2' title="bbox 783 620 1043 654">
    <p class='ocr_par' dir='ltr' id='par_1_2' title="bbox 783 620 1043 654">
     <span class='ocr_line' id='line_1_2' title="bbox 783 620 1043 654; baseline -0.008 0"><span class='ocrx_word' id='word_1_2' title='bbox 783 620 1043 654; x_wconf 87' lang='lat' dir='ltr'><strong>DGCOXXIII.</strong></span> 
     </span>
    </p>
   </div>
   <div class='ocr_carea' id='block_1_3' title="bbox 183 701 1657 948">
    <p class='ocr_par' dir='ltr' id='par_1_3' title="bbox 183 701 1657 948">
     <span class='ocr_line' id='line_1_3' title="bbox 183 701 1654 742; baseline -0.001 -5"><span class='ocrx_word' id='word_1_3' title='bbox 183 703 546 737; x_wconf 84' lang='lat' dir='ltr'><strong>CONFIRMATION</strong></span> <span class='ocrx_word' id='word_1_4' title='bbox 591 703 657 735; x_wconf 89' lang='lat' dir='ltr'>BY</span> <span class='ocrx_word' id='word_1_5' title='bbox 702 702 910 741; x_wconf 85' lang='lat' dir='ltr'><strong>HOENUS,</strong></span> <span class='ocrx_word' id='word_1_6' title='bbox 957 702 1045 734; x_wconf 83' lang='lat' dir='ltr'>SON</span> <span class='ocrx_word' id='word_1_7' title='bbox 1091 701 1150 733; x_wconf 87' lang='lat' dir='ltr'>OF</span> <span class='ocrx_word' id='word_1_8' title='bbox 1194 701 1412 742; x_wconf 75' lang='lat' dir='ltr'><strong>MORGAN,</strong></span> <span class='ocrx_word' id='word_1_9' title='bbox 1451 703 1510 735; x_wconf 92' lang='lat' dir='ltr'>OF</span> <span class='ocrx_word' id='word_1_10' title='bbox 1555 702 1654 735; x_wconf 84' lang='grc' dir='ltr'>ΤΗΕ</span> 
     </span>
     <span class='ocr_line' id='line_1_4' title="bbox 291 770 1655 805; baseline -0.001 0"><span class='ocrx_word' id='word_1_11' title='bbox 291 772 477 805; x_wconf 78' lang='lat' dir='ltr'>GRANTs</span> <span class='ocrx_word' id='word_1_12' title='bbox 530 772 586 804; x_wconf 83' lang='lat' dir='ltr'>OF</span> <span class='ocrx_word' id='word_1_13' title='bbox 639 771 721 804; x_wconf 86' lang='lat' dir='ltr'>HIS</span> <span class='ocrx_word' id='word_1_14' title='bbox 773 771 972 803; x_wconf 81' lang='lat' dir='ltr'><strong>FATHER</strong></span> <span class='ocrx_word' id='word_1_15' title='bbox 1024 770 1125 803; x_wconf 89' lang='lat' dir='ltr'>AND</span> <span class='ocrx_word' id='word_1_16' title='bbox 1180 770 1239 802; x_wconf 90' lang='lat' dir='ltr'>OF</span> <span class='ocrx_word' id='word_1_17' title='bbox 1291 771 1372 803; x_wconf 82' lang='lat' dir='ltr'>HIS</span> <span class='ocrx_word' id='word_1_18' title='bbox 1426 771 1655 804; x_wconf 78' lang='lat' dir='ltr'>BROTHER</span> 
     </span>
     <span class='ocr_line' id='line_1_5' title="bbox 292 839 1657 881; baseline -0.001 -7"><span class='ocrx_word' id='word_1_19' title='bbox 292 841 478 881; x_wconf 85' lang='lat' dir='ltr'>LEISAN,</span> <span class='ocrx_word' id='word_1_20' title='bbox 495 841 549 873; x_wconf 92' lang='lat' dir='ltr'>IN</span> <span class='ocrx_word' id='word_1_21' title='bbox 571 840 715 880; x_wconf 89' lang='lat' dir='ltr'><strong>AVEN,</strong></span> <span class='ocrx_word' id='word_1_22' title='bbox 732 839 1063 878; x_wconf 81' lang='lat' dir='ltr'>ROSHOWELIN,</span> <span class='ocrx_word' id='word_1_23' title='bbox 1081 839 1141 872; x_wconf 84' lang='grc' dir='ltr'>ΟΝ</span> <span class='ocrx_word' id='word_1_24' title='bbox 1172 839 1270 872; x_wconf 88' lang='grc' dir='ltr'>ΤΗΕ</span> <span class='ocrx_word' id='word_1_25' title='bbox 1298 840 1416 872; x_wconf 84' lang='lat' dir='ltr'>EAST</span> <span class='ocrx_word' id='word_1_26' title='bbox 1439 840 1574 872; x_wconf 86' lang='lat' dir='ltr'><strong>BANK</strong></span> <span class='ocrx_word' id='word_1_27' title='bbox 1598 840 1657 872; x_wconf 88' lang='lat' dir='ltr'>OF</span> 
     </span>
     <span class='ocr_line' id='line_1_6' title="bbox 293 908 1642 948; baseline -0.001 -6"><span class='ocrx_word' id='word_1_28' title='bbox 293 910 391 942; x_wconf 86' lang='lat' dir='ltr'>THE</span> <span class='ocrx_word' id='word_1_29' title='bbox 422 909 600 948; x_wconf 86' lang='grc' dir='ltr'><strong>ΝΕΑΤΗ,</strong></span> <span class='ocrx_word' id='word_1_30' title='bbox 630 909 732 942; x_wconf 91' lang='lat' dir='ltr'>AND</span> <span class='ocrx_word' id='word_1_31' title='bbox 763 908 818 940; x_wconf 92' lang='lat' dir='ltr'>IN</span> <span class='ocrx_word' id='word_1_32' title='bbox 850 908 1108 947; x_wconf 82' lang='lat' dir='ltr'>PULTIMOR,</span> <span class='ocrx_word' id='word_1_33' title='bbox 1141 908 1199 940; x_wconf 83' lang='grc' dir='ltr'>ΤΟ</span> <span class='ocrx_word' id='word_1_34' title='bbox 1230 908 1441 941; x_wconf 80' lang='lat' dir='ltr'>MARGAM</span> <span class='ocrx_word' id='word_1_35' title='bbox 1471 908 1642 941; x_wconf 87' lang='lat' dir='ltr'><strong>ABBEY.</strong></span> 
     </span>
    </p>
   </div>
   <div class='ocr_carea' id='block_1_4' title="bbox 644 989 1198 1033">
    <p class='ocr_par' dir='ltr' id='par_1_4' title="bbox 644 989 1198 1033">
     <span class='ocr_line' id='line_1_7' title="bbox 644 989 1198 1033; baseline -0.002 -11"><span class='ocrx_word' id='word_1_36' title='bbox 644 990 776 1033; x_wconf 77' lang='lat' dir='ltr'>[HARL.</span> <span class='ocrx_word' id='word_1_37' title='bbox 802 989 978 1028; x_wconf 77' lang='lat' dir='ltr'>CHARTER,</span> <span class='ocrx_word' id='word_1_38' title='bbox 1004 991 1044 1021; x_wconf 82' lang='lat'>75</span> <span class='ocrx_word' id='word_1_39' title='bbox 1070 990 1104 1022; x_wconf 87' lang='lat' dir='ltr'>O.</span> <span class='ocrx_word' id='word_1_40' title='bbox 1131 990 1198 1031; x_wconf 83' lang='lat'><strong>37.]</strong></span> 
     </span>
    </p>
   </div>
   <div class='ocr_carea' id='block_1_5' title="bbox 183 1070 1659 2003">
    <p class='ocr_par' dir='ltr' id='par_1_5' title="bbox 228 1070 1363 1105">
     <span class='ocr_line' id='line_1_8' title="bbox 228 1070 1363 1105; baseline -0.001 -1"><span class='ocrx_word' id='word_1_41' title='bbox 228 1071 386 1105; x_wconf 84' lang='lat' dir='ltr'><strong>Omnibus</strong></span> <span class='ocrx_word' id='word_1_42' title='bbox 402 1071 517 1104; x_wconf 85' lang='lat' dir='ltr'>Sancte</span> <span class='ocrx_word' id='word_1_43' title='bbox 533 1071 662 1104; x_wconf 76' lang='lat' dir='ltr'>ecclesie</span> <span class='ocrx_word' id='word_1_44' title='bbox 677 1071 752 1103; x_wconf 79' lang='lat' dir='ltr'>filiis</span> <span class='ocrx_word' id='word_1_45' title='bbox 768 1070 914 1103; x_wconf 66' lang='lat' dir='ltr'>Homns</span> <span class='ocrx_word' id='word_1_46' title='bbox 931 1071 1016 1102; x_wconf 82' lang='lat' dir='ltr'>filius</span> <span class='ocrx_word' id='word_1_47' title='bbox 1031 1071 1199 1103; x_wconf 68' lang='lat' dir='ltr'>Monfflmx</span> <span class='ocrx_word' id='word_1_48' title='bbox 1217 1071 1363 1103; x_wconf 80' lang='lat' dir='ltr'>salutem.</span> 
     </span>
    </p>

    <p class='ocr_par' dir='ltr' id='par_1_6' title="bbox 183 1139 1659 1867">
     <span class='ocr_line' id='line_1_9' title="bbox 226 1139 1656 1173; baseline -0.001 0"><span class='ocrx_word' id='word_1_49' title='bbox 226 1141 363 1173; x_wconf 76' lang='lat' dir='ltr'><strong>Noverit</strong></span> <span class='ocrx_word' id='word_1_50' title='bbox 375 1141 565 1172; x_wconf 79' lang='lat' dir='ltr'><strong>universitas</strong></span> <span class='ocrx_word' id='word_1_51' title='bbox 575 1143 680 1172; x_wconf 85' lang='lat' dir='ltr'>vestra</span> <span class='ocrx_word' id='word_1_52' title='bbox 691 1151 742 1172; x_wconf 88' lang='lat' dir='ltr'>me</span> <span class='ocrx_word' id='word_1_53' title='bbox 758 1140 944 1172; x_wconf 77' lang='lat' dir='ltr'>concessisse</span> <span class='ocrx_word' id='word_1_54' title='bbox 959 1142 992 1171; x_wconf 86' lang='lat' dir='ltr'>et</span> <span class='ocrx_word' id='word_1_55' title='bbox 1007 1139 1066 1171; x_wconf 84' lang='lat' dir='ltr'>hac</span> <span class='ocrx_word' id='word_1_56' title='bbox 1082 1140 1174 1172; x_wconf 84' lang='lat' dir='ltr'>karta</span> <span class='ocrx_word' id='word_1_57' title='bbox 1190 1140 1391 1172; x_wconf 83' lang='lat' dir='ltr'>confirmasse</span> <span class='ocrx_word' id='word_1_58' title='bbox 1404 1140 1438 1172; x_wconf 90' lang='lat' dir='ltr'>in</span> <span class='ocrx_word' id='word_1_59' title='bbox 1451 1141 1656 1172; x_wconf 83' lang='lat' dir='ltr'>elemosinam</span> 
     </span>
     <span class='ocr_line' id='line_1_10' title="bbox 185 1208 1656 1242; baseline 0 -1"><span class='ocrx_word' id='word_1_60' title='bbox 185 1208 256 1242; x_wconf 91' lang='lat' dir='ltr'>Deo</span> <span class='ocrx_word' id='word_1_61' title='bbox 276 1212 309 1241; x_wconf 89' lang='lat' dir='ltr'>et</span> <span class='ocrx_word' id='word_1_62' title='bbox 323 1209 451 1242; x_wconf 80' lang='lat' dir='ltr'>ecclesie</span> <span class='ocrx_word' id='word_1_63' title='bbox 472 1209 588 1242; x_wconf 85' lang='lat' dir='ltr'>Sancte</span> <span class='ocrx_word' id='word_1_64' title='bbox 609 1208 728 1240; x_wconf 51' lang='lat' dir='ltr'>Minna</span> <span class='ocrx_word' id='word_1_65' title='bbox 750 1209 789 1239; x_wconf 76' lang='lat' dir='ltr'>sle</span> <span class='ocrx_word' id='word_1_66' title='bbox 805 1208 959 1240; x_wconf 60' lang='lat' dir='ltr'>MARGAN</span> <span class='ocrx_word' id='word_1_67' title='bbox 983 1210 1015 1239; x_wconf 90' lang='lat' dir='ltr'>et</span> <span class='ocrx_word' id='word_1_68' title='bbox 1036 1208 1199 1240; x_wconf 80' lang='lat' dir='ltr'>monachis</span> <span class='ocrx_word' id='word_1_69' title='bbox 1217 1208 1338 1240; x_wconf 81' lang='lat' dir='ltr'>ibidem</span> <span class='ocrx_word' id='word_1_70' title='bbox 1359 1208 1429 1240; x_wconf 91' lang='lat' dir='ltr'>Deo</span> <span class='ocrx_word' id='word_1_71' title='bbox 1445 1208 1656 1241; x_wconf 81' lang='lat' dir='ltr'>servientibus</span> 
     </span>
     <span class='ocr_line' id='line_1_11' title="bbox 187 1276 1657 1319; baseline -0.001 -9"><span class='ocrx_word' id='word_1_72' title='bbox 187 1288 296 1310; x_wconf 91' lang='lat' dir='ltr'>omnes</span> <span class='ocrx_word' id='word_1_73' title='bbox 316 1278 504 1310; x_wconf 79' lang='lat' dir='ltr'>donationes</span> <span class='ocrx_word' id='word_1_74' title='bbox 525 1280 557 1309; x_wconf 87' lang='lat' dir='ltr'>et</span> <span class='ocrx_word' id='word_1_75' title='bbox 580 1276 836 1309; x_wconf 81' lang='lat' dir='ltr'>confirmationes</span> <span class='ocrx_word' id='word_1_76' title='bbox 860 1288 938 1318; x_wconf 83' lang='lat' dir='ltr'>quas</span> <span class='ocrx_word' id='word_1_77' title='bbox 962 1276 1108 1308; x_wconf 80' lang='lat' dir='ltr'>fecerunt</span> <span class='ocrx_word' id='word_1_78' title='bbox 1129 1277 1174 1308; x_wconf 89' lang='lat' dir='ltr'>eis</span> <span class='ocrx_word' id='word_1_79' title='bbox 1190 1277 1387 1309; x_wconf 76' lang='lat' dir='ltr'>MARGANUS</span> <span class='ocrx_word' id='word_1_80' title='bbox 1409 1280 1501 1319; x_wconf 84' lang='lat' dir='ltr'>pater</span> <span class='ocrx_word' id='word_1_81' title='bbox 1518 1288 1609 1309; x_wconf 83' lang='lat' dir='ltr'>meus</span> <span class='ocrx_word' id='word_1_82' title='bbox 1625 1280 1657 1309; x_wconf 86' lang='lat' dir='ltr'>et</span> 
     </span>
     <span class='ocr_line' id='line_1_12' title="bbox 183 1345 1655 1387; baseline 0 -9"><span class='ocrx_word' id='word_1_83' title='bbox 183 1346 314 1378; x_wconf 74' lang='lat' dir='ltr'>LmSAN</span> <span class='ocrx_word' id='word_1_84' title='bbox 339 1347 438 1378; x_wconf 77' lang='lat' dir='ltr'>frater</span> <span class='ocrx_word' id='word_1_85' title='bbox 458 1357 547 1378; x_wconf 88' lang='lat' dir='ltr'>meus</span> <span class='ocrx_word' id='word_1_86' title='bbox 564 1370 571 1379; x_wconf 92' lang='lat'>.</span> <span class='ocrx_word' id='word_1_87' title='bbox 588 1346 628 1377; x_wconf 87' lang='lat' dir='ltr'>de</span> <span class='ocrx_word' id='word_1_88' title='bbox 644 1345 736 1377; x_wconf 85' lang='lat' dir='ltr'>terris</span> <span class='ocrx_word' id='word_1_89' title='bbox 754 1349 786 1377; x_wconf 86' lang='lat' dir='ltr'>et</span> <span class='ocrx_word' id='word_1_90' title='bbox 802 1345 901 1387; x_wconf 85' lang='lat' dir='ltr'>pratis</span> <span class='ocrx_word' id='word_1_91' title='bbox 917 1348 949 1377; x_wconf 90' lang='lat' dir='ltr'>et</span> <span class='ocrx_word' id='word_1_92' title='bbox 970 1346 1107 1387; x_wconf 75' lang='lat' dir='ltr'>pasturis</span> <span class='ocrx_word' id='word_1_93' title='bbox 1126 1346 1160 1377; x_wconf 89' lang='lat' dir='ltr'>in</span> <span class='ocrx_word' id='word_1_94' title='bbox 1182 1346 1314 1378; x_wconf 80' lang='lat' dir='ltr'>marisco</span> <span class='ocrx_word' id='word_1_95' title='bbox 1338 1347 1377 1378; x_wconf 86' lang='lat' dir='ltr'>de</span> <span class='ocrx_word' id='word_1_96' title='bbox 1394 1346 1521 1378; x_wconf 70' lang='lat' dir='ltr'>AVENA</span> <span class='ocrx_word' id='word_1_97' title='bbox 1538 1372 1544 1378; x_wconf 90' lang='lat'><em>.</em></span> <span class='ocrx_word' id='word_1_98' title='bbox 1562 1349 1595 1378; x_wconf 89' lang='lat' dir='ltr'>et</span> <span class='ocrx_word' id='word_1_99' title='bbox 1616 1347 1655 1378; x_wconf 82' lang='lat' dir='ltr'>(le</span> 
     </span>
     <span class='ocr_line' id='line_1_13' title="bbox 185 1413 1655 1456; baseline -0.001 -10"><span class='ocrx_word' id='word_1_100' title='bbox 185 1417 270 1446; x_wconf 84' lang='lat' dir='ltr'>terra</span> <span class='ocrx_word' id='word_1_101' title='bbox 285 1415 325 1446; x_wconf 89' lang='lat' dir='ltr'>de</span> <span class='ocrx_word' id='word_1_102' title='bbox 341 1414 573 1446; x_wconf 64' lang='lat' dir='ltr'>Rosuowmm</span> <span class='ocrx_word' id='word_1_103' title='bbox 591 1425 663 1446; x_wconf 86' lang='lat' dir='ltr'>cum</span> <span class='ocrx_word' id='word_1_104' title='bbox 679 1414 882 1456; x_wconf 76' lang='lat' dir='ltr'>pertinentiis</span> <span class='ocrx_word' id='word_1_105' title='bbox 899 1414 963 1445; x_wconf 85' lang='lat' dir='ltr'>suis</span> <span class='ocrx_word' id='word_1_106' title='bbox 980 1439 986 1444; x_wconf 94' lang='lat'>.</span> <span class='ocrx_word' id='word_1_107' title='bbox 1005 1416 1036 1445; x_wconf 85' lang='lat' dir='ltr'>et</span> <span class='ocrx_word' id='word_1_108' title='bbox 1052 1414 1091 1446; x_wconf 91' lang='lat' dir='ltr'>de</span> <span class='ocrx_word' id='word_1_109' title='bbox 1107 1414 1246 1456; x_wconf 74' lang='lat' dir='ltr'>pasturis</span> <span class='ocrx_word' id='word_1_110' title='bbox 1261 1425 1301 1445; x_wconf 85' lang='lat' dir='ltr'>ex</span> <span class='ocrx_word' id='word_1_111' title='bbox 1318 1414 1478 1456; x_wconf 83' lang='lat' dir='ltr'>hestparte</span> <span class='ocrx_word' id='word_1_112' title='bbox 1496 1415 1534 1445; x_wconf 90' lang='lat' dir='ltr'>de</span> <span class='ocrx_word' id='word_1_113' title='bbox 1550 1413 1655 1446; x_wconf 71' lang='lat' dir='ltr'>NEHT</span> 
     </span>
     <span class='ocr_line' id='line_1_14' title="bbox 186 1481 1658 1524; baseline 0 -10"><span class='ocrx_word' id='word_1_114' title='bbox 186 1485 343 1524; x_wconf 88' lang='lat' dir='ltr'>quantum</span> <span class='ocrx_word' id='word_1_115' title='bbox 359 1485 442 1514; x_wconf 80' lang='lat' dir='ltr'>terra</span> <span class='ocrx_word' id='word_1_116' title='bbox 457 1485 566 1514; x_wconf 85' lang='lat' dir='ltr'>nostra</span> <span class='ocrx_word' id='word_1_117' title='bbox 578 1482 762 1514; x_wconf 76' lang='lat' dir='ltr'>extenditur</span> <span class='ocrx_word' id='word_1_118' title='bbox 777 1482 812 1513; x_wconf 90' lang='lat' dir='ltr'>in</span> <span class='ocrx_word' id='word_1_119' title='bbox 828 1482 963 1524; x_wconf 87' lang='lat' dir='ltr'>longum</span> <span class='ocrx_word' id='word_1_120' title='bbox 979 1486 1010 1513; x_wconf 80' lang='lat' dir='ltr'>et</span> <span class='ocrx_word' id='word_1_121' title='bbox 1026 1482 1176 1514; x_wconf 83' lang='lat' dir='ltr'>inlatum</span> <span class='ocrx_word' id='word_1_122' title='bbox 1194 1507 1200 1514; x_wconf 93' lang='lat'><strong>.</strong></span> <span class='ocrx_word' id='word_1_123' title='bbox 1218 1485 1250 1514; x_wconf 91' lang='lat' dir='ltr'>et</span> <span class='ocrx_word' id='word_1_124' title='bbox 1266 1483 1306 1514; x_wconf 88' lang='lat' dir='ltr'>de</span> <span class='ocrx_word' id='word_1_125' title='bbox 1322 1485 1405 1514; x_wconf 84' lang='lat' dir='ltr'>terra</span> <span class='ocrx_word' id='word_1_126' title='bbox 1421 1483 1460 1514; x_wconf 86' lang='lat' dir='ltr'>de</span> <span class='ocrx_word' id='word_1_127' title='bbox 1477 1481 1658 1514; x_wconf 73' lang='lat' dir='ltr'>PULTnmR</span> 
     </span>
     <span class='ocr_line' id='line_1_15' title="bbox 186 1550 1657 1593; baseline 0.001 -11"><span class='ocrx_word' id='word_1_128' title='bbox 186 1561 258 1583; x_wconf 87' lang='lat' dir='ltr'>oum</span> <span class='ocrx_word' id='word_1_129' title='bbox 277 1551 478 1593; x_wconf 82' lang='lat' dir='ltr'>pertinentiis</span> <span class='ocrx_word' id='word_1_130' title='bbox 499 1551 563 1582; x_wconf 84' lang='lat' dir='ltr'>suis</span> <span class='ocrx_word' id='word_1_131' title='bbox 580 1577 586 1582; x_wconf 91' lang='lat'>.</span> <span class='ocrx_word' id='word_1_132' title='bbox 605 1553 641 1582; x_wconf 90' lang='lat' dir='ltr'>ut</span> <span class='ocrx_word' id='word_1_133' title='bbox 661 1550 801 1582; x_wconf 81' lang='lat' dir='ltr'>habeant</span> <span class='ocrx_word' id='word_1_134' title='bbox 822 1553 854 1582; x_wconf 88' lang='lat' dir='ltr'>et</span> <span class='ocrx_word' id='word_1_135' title='bbox 874 1553 1006 1582; x_wconf 82' lang='lat' dir='ltr'>teneant</span> <span class='ocrx_word' id='word_1_136' title='bbox 1028 1551 1087 1583; x_wconf 88' lang='lat' dir='ltr'>hac</span> <span class='ocrx_word' id='word_1_137' title='bbox 1109 1551 1217 1583; x_wconf 83' lang='lat' dir='ltr'>omnia</span> <span class='ocrx_word' id='word_1_138' title='bbox 1238 1552 1272 1583; x_wconf 88' lang='lat' dir='ltr'>in</span> <span class='ocrx_word' id='word_1_139' title='bbox 1293 1554 1485 1593; x_wconf 88' lang='lat' dir='ltr'>perpetuum</span> <span class='ocrx_word' id='word_1_140' title='bbox 1506 1551 1605 1583; x_wconf 87' lang='lat' dir='ltr'>libere</span> <span class='ocrx_word' id='word_1_141' title='bbox 1626 1556 1657 1583; x_wconf 83' lang='lat' dir='ltr'>et</span> 
     </span>
     <span class='ocr_line' id='line_1_16' title="bbox 187 1619 1659 1662; baseline -0.001 -10"><span class='ocrx_word' id='word_1_142' title='bbox 187 1621 294 1662; x_wconf 89' lang='lat' dir='ltr'>quiete</span> <span class='ocrx_word' id='word_1_143' title='bbox 331 1619 370 1651; x_wconf 85' lang='lat' dir='ltr'>ab</span> <span class='ocrx_word' id='word_1_144' title='bbox 401 1619 488 1651; x_wconf 88' lang='lat' dir='ltr'>omni</span> <span class='ocrx_word' id='word_1_145' title='bbox 515 1619 647 1651; x_wconf 84' lang='lat' dir='ltr'>seculari</span> <span class='ocrx_word' id='word_1_146' title='bbox 673 1619 800 1651; x_wconf 81' lang='lat' dir='ltr'>servitio</span> <span class='ocrx_word' id='word_1_147' title='bbox 827 1624 858 1651; x_wconf 88' lang='lat' dir='ltr'>et</span> <span class='ocrx_word' id='word_1_148' title='bbox 883 1620 1112 1652; x_wconf 85' lang='lat' dir='ltr'>consuetudine</span> <span class='ocrx_word' id='word_1_149' title='bbox 1139 1622 1170 1651; x_wconf 83' lang='lat' dir='ltr'>et</span> <span class='ocrx_word' id='word_1_150' title='bbox 1196 1620 1284 1651; x_wconf 89' lang='lat' dir='ltr'>omni</span> <span class='ocrx_word' id='word_1_151' title='bbox 1300 1620 1464 1652; x_wconf 82' lang='lat' dir='ltr'>exactione</span> <span class='ocrx_word' id='word_1_152' title='bbox 1487 1620 1569 1651; x_wconf 86' lang='lat' dir='ltr'>sicut</span> <span class='ocrx_word' id='word_1_153' title='bbox 1592 1620 1659 1651; x_wconf 86' lang='lat' dir='ltr'>ulla</span> 
     </span>
     <span class='ocr_line' id='line_1_17' title="bbox 188 1686 1657 1729; baseline -0.001 -9"><span class='ocrx_word' id='word_1_154' title='bbox 188 1688 360 1721; x_wconf 86' lang='lat' dir='ltr'>elemosina</span> <span class='ocrx_word' id='word_1_155' title='bbox 379 1686 509 1719; x_wconf 84' lang='lat' dir='ltr'>liberius</span> <span class='ocrx_word' id='word_1_156' title='bbox 531 1687 633 1719; x_wconf 89' lang='lat' dir='ltr'>teneri</span> <span class='ocrx_word' id='word_1_157' title='bbox 654 1690 767 1729; x_wconf 87' lang='lat' dir='ltr'>potest.</span> <span class='ocrx_word' id='word_1_158' title='bbox 815 1687 880 1719; x_wconf 87' lang='lat' dir='ltr'>His</span> <span class='ocrx_word' id='word_1_159' title='bbox 900 1688 1034 1719; x_wconf 75' lang='lat' dir='ltr'>testibus</span> <span class='ocrx_word' id='word_1_160' title='bbox 1054 1713 1059 1719; x_wconf 93' lang='lat'><strong>.</strong></span> <span class='ocrx_word' id='word_1_161' title='bbox 1077 1687 1191 1720; x_wconf 86' lang='lat' dir='ltr'>Fratre</span> <span class='ocrx_word' id='word_1_162' title='bbox 1211 1687 1232 1719; x_wconf 90' lang='lat' dir='ltr'>J</span> <span class='ocrx_word' id='word_1_163' title='bbox 1236 1699 1354 1719; x_wconf 78' lang='lat' dir='ltr'><strong>USTINO</strong></span> <span class='ocrx_word' id='word_1_164' title='bbox 1378 1691 1410 1720; x_wconf 88' lang='lat' dir='ltr'>et</span> <span class='ocrx_word' id='word_1_165' title='bbox 1433 1688 1532 1720; x_wconf 80' lang='lat' dir='ltr'>fratre</span> <span class='ocrx_word' id='word_1_166' title='bbox 1555 1687 1657 1719; x_wconf 57' lang='lat' dir='ltr'>Omn-</span> 
     </span>
     <span class='ocr_line' id='line_1_18' title="bbox 188 1755 1655 1789; baseline -0.001 0"><span class='ocrx_word' id='word_1_167' title='bbox 188 1767 284 1789; x_wconf 76' lang='lat' dir='ltr'>Tmm</span> <span class='ocrx_word' id='word_1_168' title='bbox 299 1756 457 1788; x_wconf 83' lang='lat' dir='ltr'>conversis</span> <span class='ocrx_word' id='word_1_169' title='bbox 473 1756 511 1788; x_wconf 88' lang='lat' dir='ltr'>de</span> <span class='ocrx_word' id='word_1_170' title='bbox 532 1755 686 1787; x_wconf 80' lang='lat' dir='ltr'>MARGAN</span> <span class='ocrx_word' id='word_1_171' title='bbox 706 1782 711 1787; x_wconf 94' lang='lat'>.</span> <span class='ocrx_word' id='word_1_172' title='bbox 729 1755 917 1788; x_wconf 76' lang='lat' dir='ltr'>ALAITHUR</span> <span class='ocrx_word' id='word_1_173' title='bbox 938 1756 1004 1788; x_wconf 84' lang='lat' dir='ltr'>filio</span> <span class='ocrx_word' id='word_1_174' title='bbox 1026 1756 1235 1788; x_wconf 76' lang='lat' dir='ltr'><strong>ETHENARDI</strong></span> <span class='ocrx_word' id='word_1_175' title='bbox 1252 1781 1260 1788; x_wconf 89' lang='lat'><strong><em>.</em></strong></span> <span class='ocrx_word' id='word_1_176' title='bbox 1279 1756 1419 1788; x_wconf 64' lang='lat' dir='ltr'>Roomzo</span> <span class='ocrx_word' id='word_1_177' title='bbox 1440 1757 1507 1789; x_wconf 86' lang='lat' dir='ltr'>filio</span> <span class='ocrx_word' id='word_1_178' title='bbox 1524 1756 1630 1789; x_wconf 65' lang='lat' dir='ltr'>Wms</span> <span class='ocrx_word' id='word_1_179' title='bbox 1650 1782 1655 1788; x_wconf 93' lang='lat'>.</span> 
     </span>
     <span class='ocr_line' id='line_1_19' title="bbox 187 1823 1547 1867; baseline 0 -10"><span class='ocrx_word' id='word_1_180' title='bbox 187 1825 302 1857; x_wconf 68' lang='lat' dir='ltr'>DAvn)</span> <span class='ocrx_word' id='word_1_181' title='bbox 318 1824 453 1856; x_wconf 80' lang='lat' dir='ltr'>PUINEL</span> <span class='ocrx_word' id='word_1_182' title='bbox 471 1849 477 1855; x_wconf 93' lang='lat'>.</span> <span class='ocrx_word' id='word_1_183' title='bbox 495 1823 668 1855; x_wconf 80' lang='lat' dir='ltr'>MORGANO</span> <span class='ocrx_word' id='word_1_184' title='bbox 684 1824 749 1856; x_wconf 88' lang='lat' dir='ltr'>filio</span> <span class='ocrx_word' id='word_1_185' title='bbox 766 1824 944 1856; x_wconf 73' lang='lat' dir='ltr'>KARADom</span> <span class='ocrx_word' id='word_1_186' title='bbox 961 1828 1052 1867; x_wconf 85' lang='lat' dir='ltr'>patre</span> <span class='ocrx_word' id='word_1_187' title='bbox 1069 1836 1139 1857; x_wconf 88' lang='lat' dir='ltr'>meo</span> <span class='ocrx_word' id='word_1_188' title='bbox 1156 1827 1188 1857; x_wconf 87' lang='lat' dir='ltr'>et</span> <span class='ocrx_word' id='word_1_189' title='bbox 1204 1825 1333 1857; x_wconf 75' lang='lat' dir='ltr'>LE15AN</span> <span class='ocrx_word' id='word_1_190' title='bbox 1350 1825 1451 1857; x_wconf 76' lang='lat' dir='ltr'>fratre</span> <span class='ocrx_word' id='word_1_191' title='bbox 1467 1836 1547 1857; x_wconf 88' lang='lat' dir='ltr'>meo.</span> 
     </span>
    </p>

    <p class='ocr_par' dir='ltr' id='par_1_7' title="bbox 231 1892 1088 1936">
     <span class='ocr_line' id='line_1_20' title="bbox 231 1892 1088 1936; baseline -0.002 -10"><span class='ocrx_word' id='word_1_192' title='bbox 231 1893 406 1936; x_wconf 82' lang='lat' dir='ltr'>Imperfeet</span> <span class='ocrx_word' id='word_1_193' title='bbox 423 1892 496 1931; x_wconf 83' lang='lat' dir='ltr'>seal,</span> <span class='ocrx_word' id='word_1_194' title='bbox 513 1892 593 1924; x_wconf 81' lang='lat' dir='ltr'>dark</span> <span class='ocrx_word' id='word_1_195' title='bbox 609 1903 708 1934; x_wconf 87' lang='lat' dir='ltr'>green</span> <span class='ocrx_word' id='word_1_196' title='bbox 724 1903 806 1931; x_wconf 83' lang='lat' dir='ltr'>wax,</span> <span class='ocrx_word' id='word_1_197' title='bbox 823 1904 856 1924; x_wconf 85' lang='lat' dir='ltr'>as</span> <span class='ocrx_word' id='word_1_198' title='bbox 872 1893 907 1924; x_wconf 88' lang='lat' dir='ltr'>in</span> <span class='ocrx_word' id='word_1_199' title='bbox 924 1893 965 1924; x_wconf 81' lang='lat'>75</span> <span class='ocrx_word' id='word_1_200' title='bbox 983 1892 1019 1925; x_wconf 87' lang='lat' dir='ltr'>C.</span> <span class='ocrx_word' id='word_1_201' title='bbox 1037 1894 1088 1925; x_wconf 83' lang='lat'>36.</span> 
     </span>
    </p>

    <p class='ocr_par' dir='ltr' id='par_1_8' title="bbox 233 1960 1655 2003">
     <span class='ocr_line' id='line_1_21' title="bbox 233 1960 1655 2003; baseline -0.001 -9"><span class='ocrx_word' id='word_1_202' title='bbox 233 1960 603 1994; x_wconf 81' lang='lat' dir='ltr'>End01·sed-—‘Hoenus</span> <span class='ocrx_word' id='word_1_203' title='bbox 618 1961 703 1992; x_wconf 87' lang='lat' dir='ltr'>filius</span> <span class='ocrx_word' id='word_1_204' title='bbox 725 1960 877 2003; x_wconf 86' lang='lat' dir='ltr'>Morgani</span> <span class='ocrx_word' id='word_1_205' title='bbox 893 1962 932 1993; x_wconf 87' lang='lat' dir='ltr'>de</span> <span class='ocrx_word' id='word_1_206' title='bbox 949 1961 1110 1994; x_wconf 87' lang='lat' dir='ltr'>Pultimor</span> <span class='ocrx_word' id='word_1_207' title='bbox 1134 1987 1140 1993; x_wconf 93' lang='lat'><em>.</em></span> <span class='ocrx_word' id='word_1_208' title='bbox 1165 1962 1204 1994; x_wconf 89' lang='lat' dir='ltr'>de</span> <span class='ocrx_word' id='word_1_209' title='bbox 1219 1961 1334 1994; x_wconf 88' lang='lat' dir='ltr'>Avene</span> <span class='ocrx_word' id='word_1_210' title='bbox 1359 1987 1364 1993; x_wconf 95' lang='lat'>.</span> <span class='ocrx_word' id='word_1_211' title='bbox 1390 1962 1430 1994; x_wconf 91' lang='lat' dir='ltr'>de</span> <span class='ocrx_word' id='word_1_212' title='bbox 1451 1961 1624 1994; x_wconf 78' lang='lat' dir='ltr'>Rossaulin</span> <span class='ocrx_word' id='word_1_213' title='bbox 1650 1987 1655 1992; x_wconf 83' lang='lat'><em>.</em></span> 
     </span>
    </p>
   </div>
   <div class='ocr_carea' id='block_1_6' title="bbox 189 2029 840 2073">
    <p class='ocr_par' dir='ltr' id='par_1_9' title="bbox 189 2029 840 2073">
     <span class='ocr_line' id='line_1_22' title="bbox 189 2029 840 2073; baseline -0.005 -9"><span class='ocrx_word' id='word_1_214' title='bbox 189 2032 229 2064; x_wconf 86' lang='lat' dir='ltr'>de</span> <span class='ocrx_word' id='word_1_215' title='bbox 244 2034 375 2073; x_wconf 81' lang='lat' dir='ltr'>pastura</span> <span class='ocrx_word' id='word_1_216' title='bbox 390 2041 448 2062; x_wconf 82' lang='lat' dir='ltr'>sua</span> <span class='ocrx_word' id='word_1_217' title='bbox 463 2041 501 2061; x_wconf 80' lang='lat' dir='ltr'>ex</span> <span class='ocrx_word' id='word_1_218' title='bbox 517 2031 656 2071; x_wconf 81' lang='lat' dir='ltr'>estparte</span> <span class='ocrx_word' id='word_1_219' title='bbox 672 2029 712 2061; x_wconf 86' lang='lat' dir='ltr'>de</span> <span class='ocrx_word' id='word_1_220' title='bbox 728 2029 840 2062; x_wconf 85' lang='lat' dir='ltr'>Neth.’</span> 
     </span>
    </p>
   </div>
  </div>
 </body>
</html>
