1820 2548
194 209 277 240 1126

149 364 295 396 omnibus
318 363 524 406 pertinenciis
547 363 610 395 suis
633 374 668 394 ac
692 361 892 394 libertatibus
915 362 1121 404 aysiamentis
1144 364 1175 394 et
1198 361 1442 394 comoditatibus
1458 362 1607 404 qualiter-

149 444 272 475 cunque
310 432 385 464 inde
414 431 486 474 jure
525 429 785 474 provenientibus
814 442 875 472 que
905 432 1035 462 vocatur
1065 430 1176 463 Gaorr
1206 430 1356 462 Kmnw
1386 429 1471 462 inter
1506 429 1608 463 ΝΛΜ·

149 501 324 533 Θογωνιζκ
348 512 387 532 ex
404 502 494 542 parte
509 511 574 531 una
590 502 621 531 et
644 510 760 541 aquam
776 509 837 540 que
853 500 983 530 vocatur
997 498 1098 530 BRAN
1115 510 1153 530 ex
1168 500 1258 540 parte
1274 492 1374 530 altere.
1388 498 1422 530 in
1437 498 1608 531 latitudine

148 572 180 601 et
203 569 347 601 extendit
371 581 389 600 a
405 569 457 600 via
479 580 541 610 que
564 568 652 599 ducit
675 568 714 599 de
737 579 820 609 aqua
842 567 943 599 BRAN
959 567 1101 609 predicte¹
1123 578 1230 599 versus
1249 566 1351 599 NANT
1375 566 1549 599 GOYDWEN
1568 577 1607 599 ex

149 641 238 680 parte
254 649 319 669 una
335 648 433 679 usque
449 638 490 668 ad
513 640 630 668 terram
647 636 793 667 Hownm
822 647 862 678 ap
888 635 1039 667 MORGAN
1065 647 1104 667 ex
1119 638 1209 678 parte
1224 635 1324 666 altera
1338 635 1373 666 in
1394 635 1606 678 longitudine.

149 704 348 737 Habendum
364 707 396 736 et
411 704 587 735 tenendmn
603 703 710 735 omnia
725 706 757 734 et
773 703 900 745 singula
915 703 1056 745 predicta
1076 714 1148 735 cum
1163 703 1311 735 omnibus
1325 703 1529 745 pertinenciis
1543 703 1608 736 suis

149 773 188 805 de
213 773 342 804 domino
363 773 402 803 de
427 772 564 804 Kavm
588 770 647 803 sibi
668 770 838 803 heredibus
859 771 923 802 suis
945 773 977 802 et
998 771 1167 813 assignatis
1189 782 1246 813 pro
1267 782 1319 803 me
1341 770 1509 803 heredibus
1530 771 1609 804 meis

150 843 183 873 et
220 840 390 883 assignatis
419 840 517 872 libere
547 840 652 882 quiete
682 838 763 871 bene
793 842 825 871 et
862 839 989 881 pacifice
1018 839 1090 882 jure
1120 839 1310 872 hereditan'o
1340 840 1373 871 in
1407 841 1606 882 perpetuum.

150 909 327 941 Reddendo
352 909 427 940 inde
450 908 617 940 annuatim
638 908 704 950 ipse
724 908 828 939 dictus
848 907 870 940 J
872 918 969 939 OWAN
994 919 1034 949 ap
1050 907 1167 940 DAvn)
1182 907 1331 940 Vicum
1353 907 1484 940 heredes
1507 908 1556 940 sui
1578 910 1610 940 et

149 977 302 1020 assignati
317 977 401 1009 dicto
423 977 551 1009 domino
568 977 608 1009 de
631 976 769 1008 Kmvm
785 976 840 1018 qui
861 987 918 1018 pro
939 978 1080 1018 tempore
1100 976 1198 1008 fuerit
1218 978 1282 1007 tres
1297 975 1404 1008 obolos
1424 976 1550 1018 argenti
1565 976 1607 1008 ad

147 1049 211 1077 tres
233 1046 310 1077 anni
333 1045 485 1077 terminos
508 1045 623 1087 quibus
646 1045 740 1077 ceteri
765 1044 855 1076 liberi
870 1044 1014 1076 homines
1034 1045 1073 1076 de
1097 1044 1231 1076 Kavm
1253 1044 1416 1076 redditum
1439 1055 1532 1076 suum
1552 1044 1608 1087 qui

152 1117 283 1146 vocatus
306 1113 482 1146 GWESTWA
508 1113 684 1155 persolvere
711 1115 862 1145 tenentur
884 1124 940 1154 pro
963 1112 1051 1144 omni
1074 1112 1202 1144 servicio
1229 1112 1362 1144 seculari
1390 1112 1553 1144 exactione
1575 1115 1608 1144 et

149 1182 315 1214 demando.
371 1181 416 1213 Et
446 1192 506 1223 ego
533 1181 693 1223 predictus
724 1180 844 1213 Gnoso
873 1193 914 1223 ap
945 1180 1078 1213 CRAnoc
1108 1180 1271 1212 HWEYTH
1308 1180 1439 1212 heredes
1475 1181 1539 1213 mei
1575 1183 1608 1213 et

148 1249 302 1292 assignati
318 1250 425 1281 omnia
441 1252 473 1281 et
488 1249 616 1292 singula
632 1249 774 1291 predicta
797 1260 869 1281 cum
885 1249 1032 1281 omnibus
1047 1249 1250 1291 pertinenciis
1265 1248 1329 1280 suis
1344 1248 1468 1291 prefato
1484 1248 1506 1280 J
1508 1259 1606 1280 owm

147 1329 188 1360 ap
204 1318 320 1350 Divm
336 1317 483 1350 VACHAN
506 1317 676 1349 heredibus
691 1318 755 1349 suis
771 1319 802 1349 et
818 1317 988 1360 assignatis
1011 1319 1121 1348 contra
1136 1328 1245 1348 omnes
1260 1317 1409 1348 mortales
1424 1317 1607 1349 warentiza-

148 1385 253 1418 bimus
271 1385 523 1428 acquietabimus
538 1388 569 1417 et
591 1385 709 1428 ubique
725 1385 934 1417 defendemus
949 1385 982 1416 in
998 1386 1198 1428 perpetuum.
1244 1384 1307 1417 Pro
1329 1384 1388 1416 hac
1408 1387 1516 1416 autem
1538 1395 1610 1417 mea.

149 1454 320 1486 donatione
336 1453 533 1486 concessione
549 1456 580 1485 et
596 1453 750 1496 presentis
767 1455 850 1485 carte
872 1464 940 1484 mee
963 1453 1202 1485 confirmatione
1222 1452 1312 1484 dedit
1332 1452 1428 1484 michi
1449 1452 1610 1494 predictus

149 1521 171 1554 J
174 1532 272 1553 OWAN
289 1533 330 1564 ap
346 1522 462 1553 DAvu)
478 1521 624 1554 Vicum
642 1525 705 1553 tres
720 1521 817 1553 libras
832 1523 864 1553 et
879 1521 1047 1553 dimidiam
1063 1521 1290 1564 sterlingorum
1305 1520 1518 1563 premanibus.
1563 1519 1610 1553 Et

150 1593 187 1622 ut
216 1590 274 1622 hec
304 1601 376 1622 mea
402 1590 532 1622 donatio
558 1590 713 1622 concessio
743 1592 775 1622 et
804 1590 959 1632 presentis
983 1592 1067 1622 carte
1093 1601 1162 1622 mee
1187 1589 1385 1621 confirmatio
1412 1600 1485 1621 vera
1511 1588 1553 1620 sit
1579 1590 1610 1620 et

150 1657 272 1690 stabilis
297 1661 329 1690 et
354 1658 539 1691 inconcussa
565 1660 743 1700 perseveret
768 1659 802 1690 in
829 1660 1017 1700 perpetuum
1041 1660 1220 1700 presentem
1246 1657 1328 1689 hanc
1357 1659 1476 1689 cartam
1506 1666 1610 1688 meam

153 1727 252 1769 sigilli
267 1727 330 1758 mei
355 1726 550 1769 inpressione
565 1726 719 1758 roboravi.
766 1726 843 1758 Hiis
865 1726 999 1758 testibus
1016 1752 1022 1758 .
1036 1725 1143 1758 ADAM
1159 1726 1198 1757 de
1214 1725 1321 1758 Bozns
1337 1727 1414 1757 tunc
1429 1724 1610 1757 vicecomite

151 1795 191 1826 de
207 1794 422 1826 GLAMORGAN
441 1821 446 1826 .
465 1794 619 1826 CRADoco
634 1806 674 1837 ap
690 1794 791 1826 Erum
818 1798 895 1826 tunc
910 1795 1055 1826 latimero
1070 1795 1110 1826 de
1125 1793 1263 1826 K1LvnY
1277 1816 1283 1823 .
1301 1793 1460 1825 Mnmuco
1479 1792 1612 1825 WAmuz

153 1861 277 1894 bedello
292 1862 411 1895 ibidem
428 1888 434 1894 .
454 1862 605 1894 Wmm
621 1862 701 1894 Dm
717 1888 723 1894 .
742 1862 864 1894 MAnoc
879 1862 968 1895 V011,
986 1888 992 1894 .
1010 1862 1179 1894 Pmmpo
1195 1861 1343 1894 Vicum
1360 1873 1399 1904 ap
1423 1860 1551 1892 Pfflur
1572 1871 1612 1903 ap

154 1930 302 1962 Gmrrm
321 1953 328 1960 .
346 1930 539 1963 WILLELMO
554 1942 595 1973 ap
611 1931 744 1963 HownL
762 1957 768 1963 .
786 1934 818 1963 et
833 1931 912 1963 aliis.

196 1998 320 2030 Datum
341 1999 426 2040 apud
449 1998 587 2030 1111,va
610 1999 661 2031 die
680 1998 816 2031 Veneris
837 1999 983 2041 proximo
1005 2001 1077 2042 post
1096 1998 1214 2030 festum
1237 1997 1322 2030 beati
1342 1997 1365 2030 J
1366 2007 1516 2029 OHANNIS
1538 1999 1613 2028 ante

151 2069 276 2109 portam
306 2066 459 2099 Latinam
489 2078 574 2099 anno
603 2067 696 2110 regni
727 2067 827 2110 Regis
857 2067 1027 2099 Enwinm
1059 2067 1117 2099 filii
1149 2066 1249 2109 Regis
1278 2066 1448 2098 Enwzfflm
1479 2064 1613 2108 septimo

153 2134 285 2166 decimo.

197 2202 269 2234 Seal
286 2202 438 2245 wanting.
