1820 2548
1535 136 1595 167 851

827 300 996 333 DCCLII.

175 382 339 416 GRANT
363 383 428 415 BY
460 382 614 415 DAVID
647 381 835 414 SPODUR
867 381 924 414 TO
960 382 1092 422 JOAN,
1126 381 1395 414 DAUGHTER
1427 382 1486 415 OF
1516 382 1643 415 JOHN

286 451 485 491 STALUN,
506 450 600 483 FOR
623 450 726 483 ΗΕΒ,
750 450 873 490 LIFE,
900 450 1001 483 AND
1028 450 1085 483 ΤΟ
1112 450 1266 491 ALIOE,
1292 450 1562 483 DAUGHTER
1585 450 1644 483 OF

286 519 384 552 THE
418 519 528 551 SAID
561 519 726 559 DAVID,
764 518 823 551 OF
857 518 956 551 THE
998 518 1183 552 MOIETY
1214 519 1273 552 OF
1311 520 1344 552 A
1386 519 1545 552 HOUSE
1590 519 1644 552 IN

286 587 659 621 BONEVILESTON.

636 655 766 699 [HARL.
792 655 967 695 ΟΗΑΒΤΕΒ,
992 657 1032 688 75
1057 656 1092 688 O.
1118 656 1188 699 54.]

220 737 330 769 Sciant
344 740 506 780 presentes
521 740 552 770 et
568 737 671 769 futuri
686 738 772 779 quod
787 749 847 779 ego
863 737 981 769 DAvn)
998 737 1135 770 SPODUR
1150 738 1225 770 dedi
1241 738 1379 770 concessi
1395 741 1427 770 et
1438 738 1497 770 hac
1506 738 1647 780 presenti

178 809 265 838 carta
278 817 350 838 mea
361 806 546 838 confirmavi
557 805 579 838 J
581 806 746 838 OHANNEfi
756 806 798 837 lie
814 806 836 839 J
838 817 988 838 OHANNIS
1003 806 1140 838 STALUN
1153 807 1233 839 coad
1248 807 1313 848 (sic)
1329 807 1446 839 vixerit
1462 832 1468 839 .
1481 810 1513 839 et
1521 806 1647 839 ALITm

179 875 243 907 filie
259 886 328 907 mee
344 875 383 906 de
399 875 511 906 eadem
526 874 548 907 J
551 885 693 906 OHANNA
709 874 860 906 suscitata
875 878 947 916 post
963 875 1125 907 decessum
1142 875 1254 907 matris
1270 886 1325 907 sue
1336 875 1543 907 medietatem
1553 875 1649 907 unius

179 944 292 976 domus
307 943 342 975 in
358 943 436 975 villa
451 943 491 975 de
515 942 776 975 BONEVILESTON
794 968 800 974 .
819 955 880 985 que
903 944 1058 975 medietas
1080 944 1142 976 sita
1165 947 1212 975 est
1236 955 1345 976 versus
1371 944 1527 976 orientem
1554 943 1650 986 juxta

179 1013 310 1044 domum
325 1012 500 1045 JOHANNIS
516 1011 653 1044 WRONU
670 1037 676 1043 .
695 1015 727 1043 et
743 1012 905 1053 quendam
921 1016 1026 1044 ortum
1043 1012 1126 1044 dicte
1142 1012 1253 1044 domui
1268 1013 1525 1054 pertinenentem
1543 1038 1549 1044 .
1567 1016 1600 1044 et
1614 1013 1649 1044 in

179 1083 270 1123 parte
284 1080 399 1112 boriali
414 1080 512 1112 situm
527 1084 559 1112 et
575 1080 836 1122 propinquiorem
853 1105 859 1111 .
879 1082 911 1112 et
926 1082 1031 1112 totum
1047 1081 1186 1113 croftum
1201 1081 1235 1113 in
1252 1083 1342 1123 parte
1357 1080 1477 1113 boreali
1493 1081 1570 1113 dicti
1586 1081 1649 1113 orti

180 1149 400 1191 propinquius.
448 1148 648 1180 Habendum
667 1151 699 1180 et
722 1150 899 1181 tenendum
923 1149 1042 1181 dictam
1058 1150 1264 1182 medietatem
1280 1151 1394 1182 domus
1409 1162 1482 1182 cum
1497 1153 1565 1183 toto
1581 1155 1650 1182 orto

181 1221 212 1250 et
228 1218 329 1251 crofto
345 1219 429 1250 dicte
445 1218 467 1250 J
469 1229 611 1250 OHANNE
627 1219 704 1250 coad
720 1218 836 1250 vixerit
854 1244 859 1249 .
878 1220 910 1250 et
925 1218 1008 1250 dicte
1024 1218 1151 1250 ALmE
1167 1221 1199 1250 et
1215 1219 1385 1251 heredibus
1401 1220 1466 1251 suis
1482 1220 1521 1251 de
1544 1231 1595 1251 me
1618 1222 1650 1251 et

180 1286 349 1319 heredibus
364 1287 443 1318 meis
457 1285 556 1318 libere
574 1311 580 1318 .
598 1286 704 1328 quiete
722 1311 728 1318 .
745 1286 827 1319 bene
844 1313 850 1318 .
868 1287 996 1328 pacifice
1012 1287 1138 1330 integre
1156 1313 1162 1318 .
1179 1287 1252 1329 jure
1269 1288 1462 1319 hereditario
1478 1288 1546 1320 sine
1561 1288 1650 1320 omni

181 1355 395 1387 diminutione
411 1355 446 1387 in
461 1357 652 1397 perpetuum
667 1355 904 1397 possidendum.
952 1355 1132 1388 Reddendo
1147 1356 1222 1388 inde
1240 1357 1410 1388 annuatim
1423 1356 1504 1388 mihi
1516 1359 1548 1388 et
1560 1356 1649 1389 here—

182 1423 276 1456 dibus
291 1424 370 1456 meis
385 1424 471 1455 dicta
485 1423 651 1456 JOHANNA
668 1424 746 1456 dum
766 1424 847 1456 vivit
872 1450 878 1456 .
903 1427 935 1456 et
958 1428 1029 1467 post
1052 1425 1151 1467 ipsius
1176 1425 1338 1457 decessum
1362 1426 1445 1458 dicte
1469 1426 1595 1457 Amm
1619 1428 1652 1458 et

181 1493 313 1525 heredes
335 1493 385 1524 sui
408 1504 509 1524 unum
533 1492 662 1524 obolum
684 1493 725 1524 ad
748 1493 867 1524 festum
896 1493 982 1525 beati
1010 1493 1206 1525 MICHAELIS
1238 1519 1244 1525 .
1277 1497 1308 1526 et
1339 1497 1403 1526 tres
1433 1495 1580 1526 denarios
1609 1495 1651 1527 ad

182 1561 359 1594 custodiam
375 1561 413 1593 de
430 1560 570 1593 KARmF
588 1587 595 1593 .
612 1561 654 1592 ad
670 1561 789 1593 festum
805 1561 916 1593 Sancti
932 1561 1081 1594 ANDREE
1105 1563 1240 1605 apostoli
1263 1574 1320 1604 pro
1342 1563 1490 1595 omnibus
1514 1564 1651 1596 servitiis

182 1630 308 1663 releviis
324 1656 330 1662 .
348 1630 478 1662 heristis
492 1630 608 1662 wardis
625 1656 631 1662 .
649 1631 933 1663 consuetudinibus
947 1631 1108 1674 taneagiis
1136 1657 1142 1663 .
1170 1632 1263 1664 sectis
1289 1632 1375 1664 curie
1400 1634 1432 1664 et
1459 1632 1651 1665 omnimodis

182 1699 350 1731 demandis
366 1698 567 1731 secularibus
613 1698 686 1741 Ego
703 1710 776 1731 vero
792 1699 953 1741 predictus
968 1700 1086 1732 DAvm
1101 1703 1134 1732 et
1149 1700 1280 1732 heredes
1297 1701 1361 1732 mei
1376 1701 1460 1732 dicte
1483 1700 1505 1732 J
1508 1711 1649 1732 OHANNE

183 1768 262 1799 eoad
277 1767 393 1799 vixerit
410 1793 416 1798 .
434 1767 518 1799 dicte
533 1767 660 1799 Amm
676 1770 708 1799 et
723 1767 893 1800 heredibus
908 1768 973 1800 suis
990 1793 997 1800 .
1014 1769 1134 1801 dictam
1150 1769 1357 1801 medietatem
1369 1769 1482 1801 domus
1498 1780 1569 1800 cum
1582 1771 1651 1801 orto

184 1837 216 1867 et
231 1835 332 1868 crofto
355 1838 465 1868 contra
487 1847 596 1867 omnes
622 1836 768 1868 homines
797 1839 829 1868 et
861 1836 998 1869 feminas
1031 1837 1308 1870 warentizabimus
1341 1837 1592 1880 acquietabimus
1619 1841 1651 1870 et

185 1904 396 1937 defendemus
411 1905 647 1946 imperpetuum
665 1931 670 1936 .
689 1907 720 1937 et
736 1907 773 1937 ut
788 1905 845 1937 hec
860 1917 931 1938 mea
947 1906 1078 1938 donatio
1096 1932 1102 1938 .
1121 1906 1278 1938 concessio
1302 1932 1308 1938 .
1334 1908 1366 1938 et
1389 1906 1544 1948 presentis
1567 1909 1652 1939 carte

185 1973 383 2005 confirmatio
400 1998 406 2005 .
424 1972 521 2004 robur
536 1976 687 2015 perpetue
704 1973 866 2006 firmitatis
882 1975 1049 2016 optineant
1067 2000 1073 2006 .
1091 1975 1231 2016 presenti
1247 1974 1364 2016 scripto
1380 1975 1524 2016 sigillum
1543 1986 1651 2007 meum

186 2041 327 2084 apposui.
374 2041 451 2073 Hiis
465 2040 600 2073 testibus
617 2066 624 2073 .
642 2041 664 2073 J
666 2052 807 2073 OHANNE
831 2042 1069 2074 anxnmm
1095 2068 1101 2074 .
1127 2042 1321 2075 WlLLELMo
1345 2042 1429 2074 cim
1455 2067 1462 2075 .
1486 2043 1653 2076 JOHANNR

186 2110 252 2143 filio
268 2110 402 2142 Romam
421 2135 428 2142 .
445 2109 616 2142 Pfflmppo
632 2110 697 2142 filio
714 2110 821 2142 Pmm
839 2136 845 2142 .
863 2111 1029 2144 JOHANNE
1045 2110 1220 2143 Srmmzon
1238 2136 1244 2143 .
1262 2111 1422 2143 Ronmzro
1438 2111 1504 2143 filio
1516 2111 1626 2143 Fama
1645 2136 1652 2143 .

189 2179 344 2211 Rmmum
367 2179 433 2210 filio
456 2177 582 2210 Tuom
606 2182 637 2210 et
661 2178 740 2210 aliis.
