1820 2548
1501 190 1583 221 1015

785 358 996 392 DOOOLIX.

161 449 323 482 GRANT
345 449 412 482 BY
434 447 626 482 THOMAS
650 447 714 480 DE
737 447 1029 480 WILDEOREK
1051 446 1109 479 ΤΟ
1133 446 1354 480 WILLIAM
1377 446 1540 480 GRANT
1564 448 1624 480 OF

269 519 304 550 A
324 517 553 550 BURGAGE
576 516 631 549 IN
654 515 848 555 KERDIF,
871 515 934 548 AT
961 515 1060 547 THE
1092 514 1221 547 RENT
1253 514 1312 547 OF
1345 515 1379 547 A
1411 515 1528 548 ROSE
1562 516 1624 548 AT

270 585 574 619 MIDSUMMER.

697 652 870 695 [MARGAM
895 651 1089 695 CHARTER]

1175 720 1270 752 LATE
1296 721 1383 752 13m
1408 720 1580 753 CENTURY.

206 803 316 835 Sciant
342 806 503 845 presentes
527 804 559 834 et
585 802 687 834 futuri
711 802 796 844 quod
819 813 879 844 ego
902 801 1045 833 Tuoms
1068 802 1108 833 de
1131 801 1348 834 WILDECREK
1371 802 1456 834 filius
1480 806 1513 834 et
1538 803 1628 835 heres

161 871 315 904 Rom-:Ru
347 872 387 903 de
418 871 634 903 WILDECREK
664 870 739 902 dedi
764 871 900 902 concessi
930 873 962 902 et
984 870 1043 902 hac
1068 870 1208 913 presenti
1232 873 1319 902 carta
1345 882 1416 903 mea
1443 872 1628 904 confirmavi

162 939 357 972 WILLELMO
374 938 495 971 GRANT
510 950 567 981 pro
583 938 713 971 servicio
730 950 786 971 suo
804 950 906 971 unum
931 938 1126 981 burgagium
1151 939 1185 970 in
1210 939 1288 971 villa
1311 940 1351 971 de
1374 939 1514 972 szmr
1541 941 1626 982 quod

161 1008 291 1050 quidem
307 1007 502 1050 burgagium
517 1008 663 1039 extendit
678 1018 710 1039 se
725 1007 758 1039 in
772 1007 1010 1050 longitudinem
1025 1019 1045 1039 a
1060 1008 1112 1039 via
1128 1008 1291 1039 communi
1303 1019 1342 1039 ex
1355 1011 1445 1050 parte
1458 1009 1630 1041 occidentis

160 1087 260 1118 usque
276 1076 317 1108 ad
332 1075 528 1118 burgagium
544 1076 707 1117 quondam
724 1075 893 1107 WALTEm
918 1075 1100 1110 QUINTREL
1123 1087 1163 1107 ex
1185 1078 1275 1118 parte
1297 1076 1428 1108 orientis
1457 1102 1462 1108 .
1489 1079 1521 1108 et
1545 1077 1630 1119 jacet

158 1145 193 1177 in
217 1145 390 1176 latitudine
412 1145 497 1176 inter
518 1155 648 1176 murum
671 1144 755 1176 dicte
778 1144 853 1176 ville
881 1156 919 1176 ex
946 1147 1036 1186 parte
1054 1144 1174 1176 boreali
1196 1147 1228 1176 et
1249 1144 1444 1187 burgagium
1467 1146 1630 1187 quondam

158 1213 181 1246 J
182 1224 332 1245 OHANNIS
347 1213 446 1245 LoNG
462 1225 502 1245 ex
517 1218 607 1255 parte
623 1213 765 1245 australi.
813 1213 1014 1245 Habendum
1030 1216 1061 1244 et
1087 1213 1263 1245 tenendum
1286 1214 1408 1245 dictum
1433 1214 1630 1257 burgagium

159 1293 231 1314 eum
246 1282 311 1314 suis
326 1281 531 1324 pertinenciis
547 1281 606 1314 sibi
623 1284 655 1313 et
670 1281 840 1313 heredibus
855 1282 920 1313 suis
935 1282 987 1313 vel
1002 1281 1173 1324 assignatis
1189 1282 1228 1313 de
1245 1282 1374 1313 domino
1390 1282 1520 1324 capitali
1542 1283 1630 1314 illius

158 1350 245 1383 feodi
259 1362 317 1393 pro
332 1362 383 1382 me
400 1353 432 1382 et
448 1350 618 1382 heredibus
634 1350 713 1382 meis
729 1351 781 1382 vel
796 1350 967 1392 assignatis
983 1350 1081 1382 libere
1109 1350 1216 1392 quiete
1241 1350 1321 1382 bene
1347 1353 1380 1383 et
1403 1351 1533 1393 pacifice
1553 1351 1626 1394 jure

157 1419 349 1451 hereditario
364 1419 599 1461 inperpetuum.
647 1418 825 1451 Reddendo
841 1419 916 1451 inde
932 1419 1102 1451 annuatim
1118 1422 1150 1451 et
1166 1419 1313 1451 faciendo
1340 1420 1471 1451 domino
1498 1420 1628 1462 capitali

157 1488 303 1520 redditus
318 1490 350 1520 et
366 1488 497 1520 servicia
512 1487 621 1520 debita
637 1493 668 1520 et
684 1490 834 1520 consueta
850 1488 947 1519 michi
963 1499 1037 1519 vero
1053 1490 1085 1519 et
1100 1487 1271 1520 heredibus
1282 1488 1362 1520 meis
1384 1488 1435 1520 vel
1455 1488 1626 1531 assignatis

158 1567 257 1588 unam
273 1567 377 1588 rosam
392 1557 433 1588 ad
448 1556 568 1588 festum
583 1556 774 1588 Nativitatis
789 1555 900 1588 Sancti
915 1556 937 1588 J
939 1567 1090 1588 OHANNIS
1113 1556 1281 1588 Bnmm
1305 1568 1362 1599 pro
1385 1557 1473 1588 omni
1498 1557 1628 1589 servicio

159 1625 292 1658 seculari
307 1628 340 1657 et
355 1625 522 1657 demanda.
570 1625 643 1667 Ego
659 1636 733 1657 vero
749 1625 853 1657 dictus
868 1625 1010 1657 THOMAS
1026 1628 1058 1656 et
1073 1625 1204 1657 heredes
1220 1625 1283 1657 mei
1300 1625 1351 1657 vel
1369 1625 1524 1668 assignati
1541 1626 1626 1658 dicto

159 1693 354 1726 WILLELMO
377 1696 409 1725 et
432 1693 601 1725 heredibus
626 1693 691 1725 suis
709 1694 760 1725 vel
783 1694 954 1736 assignatis
973 1693 1095 1725 dietum
1122 1693 1318 1736 burgagium
1346 1705 1418 1725 cum
1442 1694 1507 1725 suis
1528 1694 1626 1736 perti-

157 1762 279 1794 nenciis
295 1764 405 1794 contra
429 1773 539 1793 omnes
561 1761 711 1794 mortales
733 1761 959 1804 inperpetuum
983 1761 1259 1794 warentizabimus
1279 1761 1343 1804 [et]
1362 1762 1623 1804 acquietabimus.

156 1829 206 1862 Ut
222 1830 280 1862 hec
295 1832 403 1862 autem
418 1841 490 1861 mea
501 1830 634 1861 donacio
651 1831 809 1862 concessio
825 1833 856 1861 et
880 1830 979 1872 hujus
1002 1833 1087 1862 carte
1110 1842 1179 1862 mee
1207 1830 1407 1862 confirmacio
1430 1833 1500 1863 rata
1527 1831 1567 1863 sit
1592 1834 1624 1863 et

156 1897 280 1930 stabilis
294 1901 475 1940 presentem
487 1900 607 1930 cartam
623 1898 722 1940 sigilli
739 1899 802 1930 mei
818 1898 1014 1941 inpressione
1030 1898 1186 1931 roboravi.

200 1966 278 1998 Hiis
299 1966 435 1998 testibus
458 1992 465 1999 .
489 1966 655 1999 JOHANNE
679 1967 719 1999 de
741 1966 919 1999 LANRxRID
949 1992 955 1998 .
983 1967 1146 1999 HEcho
1172 1967 1333 1999 BRomNG
1358 1970 1436 2000 tunc
1456 1968 1624 2010 prepositis

155 2033 251 2077 burgi
266 2035 305 2066 de
321 2033 460 2066 KERDIF
478 2060 483 2066 .
502 2034 697 2067 WILLELMO
714 2034 865 2068 WALLoT
883 2061 889 2067 .
907 2035 1083 2067 MAtJmcxo
1107 2035 1272 2068 CLEMENT
1298 2060 1305 2067 .
1331 2035 1484 2068 Huooxss
1509 2035 1623 2068 Balc-

155 2113 291 2134 PEYNNE
308 2128 315 2135 .
334 2102 487 2134 Rmnno
504 2102 602 2134 LUDE
620 2129 626 2135 .
645 2103 799 2135 Rmmno
814 2103 905 2135 Ems
922 2129 929 2135 .
946 2106 979 2136 et
994 2103 1105 2136 multis
1127 2104 1208 2136 aliis.

199 2170 273 2203 Seal
288 2171 443 2214 wanting.

198 2238 420 2271 Endorsed—‘
432 2238 588 2281 Cardyff.'
