1820 2548
201 171 263 202 896

156 324 280 358 bundas
310 328 340 358 et
371 326 489 357 divisas
518 326 691 357 secundum
718 326 803 368 quod
834 328 919 358 carta
950 326 1048 368 patris
1078 326 1141 358 mei
1170 328 1314 360 testatur.
1362 326 1498 370 Insuper
1520 328 1561 361 do
1583 330 1616 360 et

157 394 292 426 concedo
312 393 542 436 prenominatis
561 393 724 425 monachis
743 394 863 426 intuitu
884 394 1024 426 caritatis
1047 397 1079 426 et
1102 394 1230 437 pietatis
1252 395 1382 427 terciam
1403 407 1509 427 acram
1532 397 1615 428 terre

158 461 286 493 arabilis
310 462 443 494 liberam
464 465 494 494 et
516 462 656 504 quietam
678 461 718 493 ab
743 462 830 493 omni
853 462 980 493 servitio
1001 463 1133 494 seculari
1154 463 1320 494 exaccione
1343 466 1375 494 et
1399 464 1558 495 demanda
1579 464 1614 496 in

156 540 269 571 puram
300 533 331 562 et
361 533 547 572 perpetuam
578 530 781 562 elemosinam
812 532 843 562 et
873 531 1103 562 relaxacionem
1134 531 1243 562 triuim
1274 531 1478 563 denariorum
1515 532 1615 564 annui

156 598 299 629 redditus
313 609 392 640 quos
407 598 483 630 dicti
499 598 646 630 monachi
661 609 718 640 pro
730 597 853 630 duabus
869 598 948 630 acris
964 599 1194 640 prenominatis
1209 599 1290 630 mihi
1305 601 1338 631 et
1352 599 1522 632 heredibus
1537 600 1617 632 meis

155 665 188 697 in
214 665 295 697 festo
320 665 440 698 Pasche
468 666 586 698 solvere
609 666 802 698 tenebantur
824 677 885 708 que
905 666 989 708 jacet
1012 667 1096 698 inter
1118 669 1235 698 terram
1258 666 1279 698 J
1282 678 1432 699 OHANNts
1455 667 1561 700 ADAM
1583 670 1616 700 et

155 736 272 766 terram
289 733 475 766 WILmzLMl
498 733 611 772 erc,
635 736 667 766 et
688 734 833 766 extendit
852 745 884 766 se
906 746 924 765 a
939 737 1024 766 terra
1043 746 1104 776 que
1120 737 1249 766 vocatur
1269 734 1451 768 Bmvnosss
1471 747 1511 767 ex
1526 737 1616 778 parte

154 801 266 833 boriali
283 813 382 844 usque
402 803 443 834 ad
466 805 584 834 terram
607 802 740 845 predicti
758 802 943 834 Wunmm
967 802 1070 834 KYNG
1086 814 1124 834 ex
1141 806 1230 845 parte
1246 803 1386 835 australi.
1435 803 1521 839 Quia
1535 803 1616 836 bene

152 874 182 903 et
206 870 376 902 honorifice
397 870 608 903 exhibuerunt
630 871 714 913 patri
736 882 807 902 meo
822 870 856 902 in
873 871 958 902 victu
973 873 1005 903 et
1020 871 1137 902 vestitu
1153 871 1345 912 competenti
1361 872 1466 913 quoad
1480 872 1612 904 vixerat.

152 938 196 970 Et
222 950 280 981 ego
308 939 410 970 dictus
434 939 647 971 W1LLELMUS
670 942 701 970 et
728 939 858 970 heredes
881 939 944 970 mei
968 939 1018 970 vel
1046 939 1200 981 assignati
1225 939 1326 971 dictas
1350 941 1413 971 tres
1434 951 1521 972 acras
1542 951 1614 972 eum

150 1007 354 1049 pertinenciis
380 1008 444 1039 suis
470 1007 563 1039 dictis
587 1007 749 1039 monachis
775 1006 1051 1039 warentizabimus
1075 1006 1324 1048 acquietabimus
1348 1009 1380 1039 et
1404 1007 1614 1040 defendemus

151 1075 385 1117 imperpetuum
402 1078 511 1107 contra
527 1087 635 1107 omnes
650 1075 795 1107 homines
810 1078 840 1107 et
864 1075 1009 1107 feminas.
1057 1075 1152 1110 Quod
1167 1075 1193 1106 si
1213 1086 1359 1117 processu
1377 1075 1528 1117 temporis
1551 1087 1611 1118 ego

150 1143 200 1175 vel
226 1143 356 1175 heredes
377 1144 439 1175 mei
465 1155 519 1175 seu
545 1144 698 1186 assignati
723 1144 823 1176 dictas
847 1146 910 1175 tres
934 1155 1021 1175 acras
1047 1147 1129 1175 terre
1151 1143 1244 1175 dictis
1264 1143 1427 1175 monachis
1448 1144 1488 1175 de
1509 1143 1613 1175 NETH

151 1212 354 1244 warentizare
369 1223 434 1243 non
449 1223 624 1254 possumus,
638 1215 714 1243 tunc
731 1212 798 1243 sine
814 1211 955 1243 ulteriori
972 1211 1127 1242 dilacione
1145 1211 1302 1243 solvemus
1317 1211 1435 1243 eisdem
1450 1211 1614 1244 monachis

151 1280 258 1311 decem
275 1291 396 1312 marcas
417 1280 642 1322 sterlingorum
664 1280 839 1312 secundum
857 1282 999 1311 tenorem
1015 1281 1099 1310 carte
1121 1279 1220 1320 patris
1235 1279 1298 1311 mei
1320 1280 1360 1310 ad
1377 1280 1463 1321 quod
1477 1279 1614 1312 fideliter

151 1351 182 1381 et
208 1349 271 1380 *ine
292 1348 364 1380 dolo
387 1348 568 1380 faciendum
587 1374 593 1380 .
611 1347 754 1390 subpono
774 1348 931 1390 meipsum
955 1350 986 1379 et
1006 1347 1138 1378 heredes
1159 1358 1244 1379 meos
1263 1350 1295 1379 et
1317 1348 1495 1390 assignatos
1515 1347 1610 1390 juris-

150 1417 284 1448 diccioni
306 1419 337 1449 et
361 1416 537 1448 cohercioni
560 1416 784 1458 cujuscumque
802 1415 918 1458 judicis
938 1414 1137 1447 ecelesiastici
1152 1415 1204 1446 vel
1219 1415 1330 1455 civilis,
1347 1427 1441 1457 quem
1457 1415 1508 1448 vel
1523 1426 1612 1458 quos,

152 1488 261 1517 contra
285 1496 336 1516 me
357 1485 407 1516 vel
427 1484 558 1516 heredes
581 1496 677 1523 111005,
695 1496 750 1516 seu
773 1484 949 1527 assignatos
969 1484 1046 1515 dicti
1070 1483 1217 1515 monachi
1233 1484 1319 1515 adire
1343 1484 1513 1523 voluerint,
1537 1485 1563 1516 si
1579 1484 1613 1516 in

151 1553 309 1585 solucione
337 1553 419 1585 dicte
446 1553 578 1595 pecunie
605 1553 787 1585 defecerint.
843 1552 897 1584 Ita
920 1553 1006 1594 quod
1032 1552 1154 1594 possint
1180 1563 1231 1584 me
1255 1555 1287 1584 et
1311 1552 1442 1584 heredes
1469 1564 1555 1585 meos
1580 1557 1613 1584 et

152 1621 330 1664 assignatos
345 1633 401 1664 per
417 1632 581 1653 censuram
597 1621 836 1653 ecclesiasticam
853 1621 903 1652 vel
918 1620 1042 1652 civilem
1062 1620 1129 1652 sine
1146 1621 1280 1662 strepitu
1303 1621 1449 1663 judiciali
1470 1623 1503 1654 et
1520 1632 1613 1653 cause

152 1690 336 1732 cognicione
367 1689 555 1732 compellere
579 1689 620 1720 ad
645 1689 774 1731 plenam
799 1689 990 1720 solucionem
1017 1688 1174 1720 dictarum
1198 1689 1307 1720 decem
1333 1700 1513 1721 marcarum
1533 1689 1614 1721 sicut

151 1758 329 1799 predictum
351 1760 398 1789 est
419 1760 450 1789 et
465 1757 564 1789 etiam
581 1768 792 1799 expensarum
807 1768 826 1788 a
845 1756 937 1788 dictis
953 1756 1115 1788 monachis
1130 1757 1162 1787 in
1179 1756 1235 1788 lite
1251 1756 1418 1788 factarum.
1464 1757 1506 1788 In
1521 1757 1614 1799 eujus

152 1826 197 1858 rei
214 1825 432 1858 testimonium
447 1837 575 1868 presens
590 1826 742 1868 scriptum
759 1825 858 1867 sigilli
873 1824 935 1856 mei
957 1824 1160 1866 impressione
1176 1824 1330 1857 roboravi.

196 1893 272 1925 Hiis
288 1893 430 1933 testibus,
444 1893 466 1926 J
467 1904 608 1925 οΗΑΝΝΕ
620 1893 660 1924 de
673 1892 880 1924 CREPPYNGE
892 1895 969 1924 tunc
979 1892 1160 1924 vicecomite
1172 1918 1178 1924 .
1190 1892 1366 1924 Maumclo
1377 1892 1417 1924 de
1430 1892 1589 1925 Contu-:mr
1604 1918 1610 1924 .

151 1961 174 1994 J
176 1972 317 1993 OHANNE
333 1961 449 1994 LowsL
466 1987 472 1993 .
491 1961 603 1993 Pano
619 1961 789 1993 anmn
806 1985 813 1992 .
832 1959 1024 1992 Wumfflo
1045 1959 1163 1992 Tmm
1182 1985 1188 1991 .
1206 1963 1237 1992 et
1253 1960 1363 1992 multis
1378 1961 1457 1992 aliis.

194 2029 316 2061 Datum
332 2041 416 2061 anno
431 2029 536 2072 gracie
552 2033 654 2060 11Οόοα
667 2028 885 2071 Nonogesimo
900 2028 997 2060 tercio
1012 2028 1046 2059 in
1061 2028 1142 2060 festo
1159 2027 1376 2060 Pentecosten.

196 2097 311 2124 william,
323 2104 365 2119 son
378 2098 402 2119 of
422 2097 502 2125 Roget·
513 2097 541 2119 de
558 2096 671 2125 Cornely,
682 2096 795 2119 confirms
807 2103 821 2118 a
832 2096 879 2124 gift
893 2097 924 2124 by
936 2096 972 2117 his
985 2096 1073 2124 father,
1085 2098 1110 2117 to
1122 2095 1187 2118 Neth
1200 2096 1294 2124 Abbey.
1306 2095 1330 2117 of
1342 2098 1392 2117 two
1403 2101 1472 2117 acres
1483 2095 1509 2118 of
1521 2095 1604 2118 arable

159 2139 224 2167 land,
235 2142 261 2161 to
273 2139 349 2161 which
361 2139 391 2161 he
401 2139 462 2161 adds
473 2146 487 2160 a
495 2139 560 2161 third
568 2142 630 2161 aere.
661 2138 712 2161 The
723 2139 771 2166 gift
783 2138 815 2167 by
827 2138 865 2160 his
872 2138 952 2160 father
960 2144 1008 2159 was
1020 2141 1046 2160 to
1058 2138 1099 2160 the
1110 2137 1193 2159 House
1205 2137 1229 2159 of
1241 2137 1305 2159 Neth
1318 2137 1355 2159 for
1365 2137 1422 2159 foed
1434 2137 1482 2159 and
1494 2137 1606 2166 clothing

159 2182 231 2210 given
244 2187 269 2203 ιο
280 2181 329 2203 him
342 2181 409 2203 when
422 2182 445 2203 in
457 2181 565 2204 distre—:su
597 2181 634 2203 He
646 2181 697 2203 also
710 2180 799 2202 waives
811 2187 840 2202 an
853 2180 943 2202 annua]
955 2182 1009 2202 rent
1020 2180 1045 2201 of
1058 2179 1125 2202 three
1140 2185 1214 2207 pence
1227 2178 1303 2200 which
1316 2178 1357 2201 the
1368 2178 1455 2200 monks
1467 2185 1527 2201 werc
1541 2182 1606 2202 wont

160 2226 186 2245 to
198 2230 244 2252 pay
257 2226 282 2245 to
294 2223 331 2245 his
342 2223 428 2245 father.

195 2266 272 2288 There
284 2267 303 2288 is
315 2273 329 2288 a
341 2266 438 2294 proviso
449 2266 473 2288 iu
487 2272 541 2288 case
552 2267 576 2288 of
594 2268 773 2294 non-payment
784 2265 822 2286 for
833 2272 847 2286 a
860 2266 976 2293 payment
987 2264 1012 2286 of
1024 2269 1064 2286 ten
1076 2263 1164 2285 marks.
