1820 2548
1551 191 1613 222 889

187 347 353 390 quindena
382 347 515 390 predicti
547 347 685 390 episcopi
715 347 860 389 partibus
891 348 975 379 diem
1006 348 1202 390 preflxerunt
1233 347 1319 388 apud
1356 346 1486 379 Vinum
1525 347 1658 378 Mon‘ms

189 415 328 448 GOMERI
355 417 396 448 ad
422 416 603 448 faciendam
629 415 705 447 inde
732 418 764 447 et
792 415 1007 458 recipiendam
1036 415 1199 458 justiciam
1223 415 1318 458 juxta
1344 415 1481 447 formam
1511 415 1596 456 pacis
1626 418 1658 447 et

190 484 278 527 leges
298 484 447 517 marchie.
494 485 540 517 Et
558 484 692 527 predicti
714 484 861 526 episcopi,
884 483 923 516 L.
945 485 986 516 ad
1006 484 1066 516 hoc
1088 495 1160 516 cum
1181 495 1302 526 magna
1322 483 1508 515 difficultate
1528 483 1659 515 inducto

189 555 329 584 castrum
349 553 431 585 illud
453 564 473 584 a
495 552 729 585 constabulario
748 552 892 595 ejusdem
911 553 1007 595 juxta
1027 555 1171 585 tenorem
1192 552 1358 584 literarum
1380 551 1515 594 predicti
1536 551 1659 584 comitis

189 621 251 653 sibi
272 633 367 663 super
389 621 448 653 hoc
471 633 527 663 per
547 621 688 664 prefatos
710 621 870 663 episcopos
891 621 1052 660 tradituri,
1068 621 1103 653 in
1118 632 1251 653 manum
1267 623 1409 653 nostram
1425 623 1611 662 receperunt
1627 624 1659 652 et

189 690 271 721 illud
292 689 484 731 quibusdam
505 691 545 721 de
566 689 631 721 suis
650 689 877 721 commiserunt
892 701 1057 732 quousque
1076 689 1175 731 aliqui
1192 690 1231 721 de
1247 689 1364 721 nostris
1378 688 1497 721 ibidem
1513 689 1659 720 venirent

192 762 225 790 et
240 760 379 790 castrum
395 758 477 789 illud
493 757 534 790 ab
549 757 594 789 eis
609 758 785 800 reciperent
801 761 833 790 ct
848 758 883 790 in
898 770 998 790 manu
1013 761 1122 790 nostra
1135 758 1331 790 custodirent
1345 758 1379 789 in
1392 757 1495 790 forma
1506 757 1657 799 predicta.

191 826 275 858 Ecce
290 825 543 858 constabularius
566 827 644 858 dicti
667 827 791 859 comitis
807 828 847 859 de
870 826 1023 859 CAERDIF
1039 828 1132 859 simul
1159 838 1230 858 cum
1246 827 1462 869 quadraginta
1475 826 1660 859 hominibus

189 895 232 926 ad
253 906 343 927 arma
359 906 457 937 prope
477 896 609 937 pontem
624 895 664 927 de
688 894 862 927 KAnurim
879 896 1007 928 accessit
1023 899 1054 927 et
1073 896 1212 927 latenter
1227 898 1260 928 et
1281 896 1362 927 clam
1378 896 1458 927 adiit
1479 896 1658 937 predictum

192 965 331 995 castrum
353 963 393 995 de
414 962 589 995 KAERFILI
612 966 644 995 et
662 963 757 1005 petiit
775 963 820 996 ibi
842 964 1020 1006 ingressum
1037 965 1077 996 ad
1098 976 1187 996 arma
1201 964 1370 996 hominum
1386 964 1519 1007 predicti
1536 964 1660 996 comitis

189 1032 362 1063 scrutanda
377 1034 409 1063 et
424 1031 572 1063 videnda.
618 1031 664 1063 Et
679 1032 825 1064 homines
845 1033 1060 1074 predictorum
1076 1033 1294 1075 episcoporum
1309 1033 1343 1065 in
1359 1033 1503 1065 custodia
1518 1033 1659 1074 ejusdem

189 1100 317 1132 sinistra
333 1100 441 1142 aliqua
456 1100 495 1132 de
512 1100 579 1142 ipso
594 1112 660 1132 non
677 1101 874 1143 suspicantes
889 1113 962 1133 eum
978 1104 1116 1133 castrum
1133 1102 1213 1133 inud
1229 1102 1357 1144 ingredi
1372 1102 1583 1144 permiserunt
1596 1113 1659 1143 quo

190 1168 335 1211 ingresso
365 1168 460 1210 petiit
489 1171 525 1200 ut
551 1169 683 1211 quidam
713 1169 805 1201 miles
836 1181 911 1201 suus
939 1181 1032 1212 super
1059 1170 1153 1202 rebus
1180 1170 1214 1202 in
1241 1173 1343 1202 castro
1368 1170 1425 1203 illo
1451 1170 1661 1202 existentibus

191 1236 381 1269 cercioratus
401 1237 530 1279 ingredi
552 1240 657 1279 posset
678 1238 734 1279 qui
753 1238 890 1270 militem
905 1238 998 1270 illum
1018 1242 1048 1270 et
1064 1240 1267 1280 postmodum
1285 1239 1420 1270 tercium
1440 1238 1567 1281 ingredi
1590 1250 1659 1281 per-

191 1305 348 1337 miserunt
370 1305 485 1347 quibus
506 1306 657 1348 ingressis
677 1309 749 1348 post
771 1307 960 1338 scrutinium
982 1307 1105 1339 factum
1125 1308 1165 1339 de
1185 1307 1356 1339 armaturis
1376 1307 1463 1339 illius
1478 1308 1519 1339 ad
1534 1309 1660 1349 portam

190 1373 337 1416 ejusdem
364 1374 457 1406 castri
482 1377 679 1406 accesserimt
704 1386 767 1417 qua
787 1386 844 1417 per
864 1375 948 1417 ipsos
969 1380 1080 1417 aperta
1104 1376 1175 1408 illos
1199 1387 1277 1418 quos
1300 1375 1387 1407 instra
1411 1378 1549 1407 castrum
1579 1375 1661 1407 illud

190 1443 309 1474 morari
339 1443 511 1475 voluerunt
541 1444 582 1475 ad
612 1444 829 1476 municionem
853 1444 999 1486 ejusdem
1028 1445 1171 1486 alioquin
1203 1445 1288 1486 quod
1319 1444 1380 1486 ipsi
1411 1448 1548 1476 castrum
1580 1444 1661 1475 illud

192 1511 315 1543 exirent
341 1515 373 1543 et
397 1523 450 1544 cos
474 1512 697 1554 permitterent
723 1515 861 1544 castrum
884 1512 966 1545 illud
990 1513 1032 1545 ad
1056 1524 1135 1555 opus
1158 1513 1293 1555 predicti
1320 1513 1443 1545 comitis
1470 1513 1592 1545 domini
1613 1513 1662 1544 sui

192 1579 359 1612 custodire.
407 1580 461 1612 Ita
483 1582 569 1622 quod
590 1580 735 1612 homines
757 1581 975 1623 episcoporum
994 1581 1122 1613 illorum
1144 1593 1200 1624 per
1222 1582 1456 1614 districcionem
1477 1582 1521 1614 eis
1542 1582 1664 1613 factum

192 1658 250 1690 per
279 1648 459 1690 predictum
495 1648 766 1681 constabularium
797 1650 836 1681 de
868 1649 1030 1681 Kimmm
1060 1653 1199 1682 castrum
1229 1651 1311 1683 illud
1341 1651 1532 1683 dimiserunt
1561 1653 1593 1682 et
1623 1651 1665 1682 ad

187 1715 334 1748 dominos
359 1728 430 1749 suos
454 1717 627 1750 redierunt.
674 1717 719 1749 Et
745 1729 803 1750 nos
827 1718 957 1760 quidem
982 1719 1101 1750 auditis
1125 1719 1285 1761 premissis
1307 1722 1340 1751 et
1364 1731 1428 1751 non
1456 1719 1558 1751 multo
1584 1719 1660 1751 inde

197 1784 392 1816 admirantes
413 1785 607 1817 consulimus
623 1797 717 1828 super
737 1786 796 1818 hoc
815 1797 886 1818 cum
907 1786 972 1818 illis
992 1788 1047 1829 qui
1068 1787 1164 1830 juxta
1183 1788 1266 1819 latus
1287 1790 1431 1820 nostrum
1452 1791 1619 1819 morantur
1635 1790 1666 1819 et

198 1853 330 1895 negocio
347 1853 403 1884 illo
419 1853 581 1885 intellecto
597 1855 821 1886 mandavimus
833 1855 957 1897 prefato
974 1856 1080 1887 comiti
1098 1856 1250 1898 premissa
1266 1859 1301 1888 ut
1318 1867 1376 1888 nos
1391 1867 1486 1898 super
1502 1856 1667 1888 voluntate

195 1930 253 1952 sua
269 1923 301 1952 et
317 1921 344 1952 si
366 1921 519 1963 premissa
535 1933 590 1964 per
605 1923 711 1964 ipsum
726 1923 777 1955 vel
793 1924 833 1955 de
848 1935 977 1956 assensu
992 1935 1048 1956 seu
1063 1927 1210 1966 precepto
1227 1936 1282 1956 suo
1299 1924 1404 1956 forent
1420 1927 1611 1966 attemptata
1626 1924 1668 1956 ad

194 1988 327 2031 plenum
365 1990 512 2022 redderet
541 1991 700 2023 cerciores.
762 1991 861 2024 Unde
892 1992 968 2034 quia
998 1992 1024 2024 si
1050 2004 1159 2024 rumor
1188 1993 1322 2025 istorum
1353 1993 1394 2024 ad
1426 2003 1518 2024 aures
1549 1992 1666 2034 prefati

195 2056 375 2089 LEWELrNI
389 2058 568 2100 perveniret
581 2059 648 2101 ipse
658 2059 741 2092 forte
752 2061 893 2092 crederet
904 2060 1056 2102 premissa
1068 2061 1108 2093 de
1122 2072 1276 2093 consensu
1286 2062 1394 2092 nostro
1406 2060 1474 2092 forc
1484 2063 1670 2103 perpetrata

195 2136 268 2157 cum
293 2130 402 2157 tamen
426 2127 466 2158 de
484 2126 626 2168 ipsorum
648 2128 885 2170 perpetracione
906 2129 1071 2161 doleamus
1087 2128 1177 2161 vobis
1197 2130 1388 2161 mandamus
1411 2132 1561 2171 rogantes
1584 2129 1669 2171 quod

193 2193 364 2226 consilium
381 2198 521 2227 vestrm
542 2207 636 2238 super
651 2196 812 2238 premissis
826 2196 918 2228 nobis
934 2197 1019 2239 quod
1035 2196 1131 2229 cicius
1147 2197 1295 2229 distincte
1312 2200 1343 2229 et
1359 2200 1467 2239 aperte
1483 2197 1668 2239 significetis

198 2273 263 2294 una
278 2274 351 2304 cum
368 2266 471 2295 vestre
486 2263 686 2306 beneplacito
703 2264 888 2298 voluntatis.
935 2265 1029 2298 Teste
1045 2269 1104 2298 eto.

351 2368 411 2394 5M
