1820 2548
179 161 242 192 916

777 318 955 352 Docorv.

130 396 495 431 CONFIRMATION
522 399 587 432 BY
614 399 824 432 LEISAUN
850 400 912 432 ΑΡ
938 400 1140 433 MORGAN
1167 401 1226 433 OF
1254 401 1335 434 HIS
1362 401 1595 435 FATEOER’S

501 467 685 500 GRANTS
722 467 780 500 TO
816 468 1025 501 MARGAM
1061 469 1233 502 ABBEY.

667 547 842 591 [MARGAM
865 548 1058 592 CHARTER]

164 628 253 660 ITEM
276 640 382 661 CARTA
406 640 556 662 EJUSDEM
580 640 624 661 DE
648 641 864 662 CONCESSIONE
887 641 1024 662 OMNIUM
1055 641 1275 663 DONAcmNUM
1299 642 1417 664 PATRIS
1439 642 1493 664 sm
1516 642 1558 664 ΕΤ

722 702 995 724 convENCmNUM.

168 765 327 798 Omnibus
342 778 365 798 s.
383 778 426 798 ec.
445 768 465 798 f.
483 778 511 798 a.
529 778 559 808 q.
577 778 607 808 p.
625 778 648 799 s.
666 779 696 809 p.
714 766 868 799 Lmsnm
885 767 970 799 filius
985 767 1152 799 MORGANI
1168 769 1314 800 salutem.

168 834 282 866 Sciatis
298 845 349 866 me
366 835 551 867 concessisse
567 838 599 866 ot
614 835 644 866 h.
663 847 687 867 c.
706 835 907 867 confirmasse
923 835 1088 868 monachis
1107 837 1146 867 de
1167 836 1320 868 MARGAN
1335 837 1370 868 in
1386 836 1593 869 elemosinam

122 913 231 935 omnes
247 903 435 935 donationes
451 906 482 935 et
498 906 600 936 cartas
616 907 648 936 et
663 905 889 936 conventiones
905 915 983 946 quas
1004 904 1081 936 fecit
1104 905 1148 936 eis
1171 908 1262 947 pater
1285 916 1374 937 meus
1397 905 1590 937 MORGANUS

120 972 155 1004 in
170 973 308 1014 pasturis
326 998 332 1004 .
351 973 385 1004 in
408 973 508 1015 pratis
525 999 530 1004 .
549 974 583 1005 in
598 974 691 1006 terris
707 999 714 1005 .
732 974 766 1005 in
788 974 921 1006 marisco
944 974 983 1006 de
1005 974 1130 1006 Avmm
1156 999 1163 1005 .
1187 975 1221 1006 in
1245 975 1404 1007 territorio
1427 975 1467 1006 de
1489 973 1587 1007 Novo

120 1040 291 1073 CASTELLO
310 1066 316 1072 .
333 1041 368 1072 in
384 1041 565 1073 anmon
581 1068 587 1074 .
606 1042 640 1074 in
656 1042 817 1074 montanis
835 1067 841 1074 .
858 1042 892 1074 in
908 1042 1000 1074 bosco
1017 1068 1023 1074 .
1041 1046 1073 1075 et
1088 1043 1123 1074 in
1138 1043 1234 1085 plano
1252 1068 1258 1074 .
1276 1043 1311 1074 in
1327 1043 1475 1075 omnibus
1487 1045 1519 1074 et
1531 1053 1588 1084 per

118 1111 225 1142 omnia
241 1111 322 1142 sicut
338 1114 423 1142 carte
438 1111 537 1152 ipsius
553 1114 720 1142 testantur.
768 1110 813 1142 Et
829 1122 888 1153 ego
905 1112 949 1143 eis
964 1114 1074 1143 contra
1096 1122 1206 1143 omnes
1229 1111 1374 1143 homines
1397 1111 1455 1143 hec
1478 1111 1585 1143 omnia

115 1179 258 1221 predicta
272 1191 329 1221 pro
345 1191 434 1221 posse
450 1190 521 1211 meo
537 1179 759 1211 warantizabo.

161 1247 227 1278 His
243 1247 378 1280 testibus
395 1273 401 1279 .
418 1247 578 1280 WRGANo
594 1248 767 1290 presbitero
785 1274 790 1280 .
810 1247 1003 1280 WILLELMO
1019 1248 1084 1279 filio
1100 1247 1223 1280 ALEWI
1242 1274 1248 1279 .
1266 1248 1382 1280 DAVID
1399 1247 1558 1279 PU1GNEL
1576 1272 1582 1278 .

115 1315 308 1347 HERBERTO
322 1315 467 1348 Pinum
480 1342 486 1348 .
499 1316 652 1348 chARDo
665 1317 824 1358 preposito
840 1317 879 1348 de
893 1315 990 1348 Novo
1005 1315 1133 1348 CAsrRo
1149 1342 1154 1347 .
1173 1315 1315 1348 WRUNU
1328 1316 1394 1347 filio
1407 1315 1582 1347 Pmnu‘m.

723 1386 778 1408 (See
790 1385 834 1407 No.
849 1385 974 1413 DCCCV.)

771 1515 927 1548 DOOGV.

129 1595 493 1629 OONFIRMATION
538 1596 603 1628 BY
648 1595 832 1635 LEISAN,
878 1595 966 1628 SON
1012 1595 1070 1628 OF
1122 1594 1334 1633 MORGAN,
1381 1594 1440 1626 OF
1485 1593 1567 1627 HIS

158 1664 390 1697 FATHER'S
428 1664 530 1696 AND
568 1664 765 1696 OTHERS’
804 1663 990 1696 GRANTS
1029 1663 1086 1696 TO
1124 1663 1334 1695 MARGAM
1364 1661 1535 1695 ABBEY.

654 1745 827 1788 [MARGAM
852 1745 1042 1786 CHARTER]

157 1826 267 1859 Sciant
283 1838 392 1859 omnes
407 1839 437 1869 p.
455 1830 486 1859 et
502 1827 525 1859 f.
544 1828 629 1869 quod
646 1838 706 1870 ego
721 1826 892 1858 Lmsmns
905 1826 990 1858 filius
1010 1826 1175 1857 MORGANI
1197 1825 1302 1868 quites
1318 1824 1453 1857 clamavi
1471 1835 1581 1856 omnes

113 1896 256 1938 querelas
287 1898 319 1928 et
348 1896 527 1927 exactiones
557 1906 636 1937 quas
663 1895 816 1926 hactenus
843 1894 940 1926 habui
974 1894 1124 1925 adversus
1154 1894 1286 1925 domum
1316 1894 1355 1924 de
1391 1892 1544 1924 Mamm
1571 1917 1577 1923 .

112 1965 151 1996 de
189 1963 337 1996 omnibus
374 1964 466 1995 terris
503 1968 533 1994 et
571 1963 762 1995 tenementis
792 1974 852 2004 que
891 1962 1039 1994 monachi
1074 1962 1220 2004 ejusdem
1251 1961 1364 1993 domus
1393 1962 1505 1992 tenent
1535 1960 1575 1991 de

111 2027 162 2064 me
188 2032 238 2063 vel
264 2032 304 2063 de
329 2031 512 2063 hominibus
538 2031 617 2063 meis
643 2031 676 2062 in
703 2031 801 2062 feudo
828 2041 907 2062 meo.
955 2029 1091 2071 Insuper
1115 2029 1212 2061 etiam
1237 2028 1297 2061 hac
1324 2028 1462 2071 presenti
1489 2029 1578 2060 carta.

111 2111 181 2132 mea
206 2099 391 2131 confirmavi
418 2100 463 2130 eis
489 2111 598 2131 omnes
627 2099 839 2131 concessiones
864 2101 895 2130 et
920 2098 1145 2130 conventiones
1169 2099 1201 2129 et
1232 2108 1341 2129 omnes
1371 2098 1472 2128 cartas
1499 2106 1578 2138 quas

110 2169 303 2200 Monffimcs
319 2168 404 2199 filius
420 2167 600 2199 KARADOCI
616 2170 647 2199 et
668 2168 858 2199 AUDOENUS
881 2167 980 2198 fmter
1002 2177 1091 2198 meus
1114 2168 1146 2198 et
1169 2165 1312 2197 homines
1334 2165 1435 2196 nostri
1457 2158 1598 2196 eisdem*

109 2236 272 2269 monachis
288 2235 433 2268 fecerunt
449 2238 479 2267 et
496 2236 604 2267 omnia
619 2238 803 2267 tenementa
825 2246 887 2277 que
910 2235 954 2267 eis
977 2235 1135 2266 dederunt
1150 2236 1206 2265 aut
1222 2233 1435 2265 vendiderunt
1451 2234 1519 2264 tam
1541 2231 1576 2263 in
