1820 2548
205 222 287 253 1058

711 389 1066 422 DCOOLXXXVIII.

159 470 309 503 LEASE
362 470 454 503 FOR
506 470 644 504 LIVES
690 470 754 502 BY
798 469 874 502 SIR
920 469 1106 502 ROBERT
1152 469 1344 508 PENRES,
1391 469 1510 510 KNT„
1556 469 1613 502 ΤΟ

269 538 488 571 WILLIAM
540 537 694 570 PERET
746 537 848 569 AND
902 537 1036 570 ISOTA
1090 538 1171 570 HIS
1225 537 1361 577 WIFE,
1408 537 1467 569 OF
1518 537 1616 570 THE

270 605 426 639 LANDS
456 605 646 638 LATELY
677 605 956 638 BELONGING
986 605 1044 638 ΤΟ
1075 605 1287 638 ANDREW
1320 605 1531 638 SGORLAG
1560 605 1615 638 IN

269 673 674 713 CONSTABLESDON,
726 673 788 706 AT
829 673 862 705 A
901 673 1099 706 YEARLY
1141 674 1268 706 RENT
1313 674 1372 706 OF
1413 674 1614 708 TWELVE

268 741 421 774 PENCE
452 741 544 774 PER
575 741 729 774 SHORT
760 741 967 774 PENRIOE
996 741 1130 774 AORE.

747 822 913 866 LFRANms
943 822 1031 866 MS]

968 899 971 901 ’
1002 905 1041 935 15
1065 904 1148 936 FER.
1197 905 1237 936 12
1260 904 1355 936 Emv.
1381 904 1430 936 Π.
1479 906 1572 938 1319.

202 983 275 1016 Hec
299 988 346 1016 est
371 984 541 1016 convenoio
566 984 652 1016 faeta
676 984 760 1015 inter
782 984 950 1016 dominum
975 985 1165 1017 Ronmwnm
1189 986 1228 1017 de
1252 985 1389 1017 PssNnEs
1411 986 1547 1018 militem
1569 997 1609 1019 ex

156 1055 246 1094 parte
273 1063 338 1084 una
364 1055 397 1084 et
423 1052 649 1085 WILLELMUM
673 1052 789 1084 szm
811 1054 844 1084 et
867 1052 993 1084 Iso‘rAM
1016 1064 1148 1085 uxorem
1175 1053 1245 1096 ejus
1267 1065 1306 1085 ex
1329 1054 1430 1086 altera
1455 1057 1544 1097 parte
1570 1055 1616 1088 ita

156 1121 304 1154 videlicet
323 1121 409 1163 quod
432 1121 536 1153 dietus
559 1121 707 1153 dominus
729 1121 909 1153 Rossssnrus
928 1122 1017 1154 dedit
1037 1122 1188 1154 concessit
1209 1126 1240 1154 et
1261 1122 1320 1154 hoo
1338 1123 1476 1165 presenti
1499 1124 1615 1166 scripto

156 1201 213 1222 suo
229 1190 427 1222 confirmavit
450 1190 569 1221 eisdem
585 1189 779 1222 Wumnnmo
803 1193 834 1222 et
858 1190 953 1222 Isom
972 1190 1102 1222 terciam
1117 1193 1239 1232 partem
1255 1191 1398 1223 omnium
1413 1194 1570 1224 terrarum
1584 1194 1618 1224 et

155 1261 410 1290 tenementorum
432 1269 494 1299 que
514 1258 617 1289 dictus
638 1258 786 1290 dominus
808 1258 986 1290 Ronanus
1005 1258 1119 1291 habuit
1138 1260 1178 1291 de
1200 1259 1347 1291 ANDREA
1378 1260 1529 1292 SCORLAG
1550 1260 1616 1292 filio

155 1329 187 1358 et
213 1326 328 1358 herede
356 1325 481 1357 Tuom:
508 1325 661 1357 serame
687 1327 774 1367 apud
799 1326 1078 1359 CONSTABLESDON
1103 1328 1138 1359 in
1166 1327 1259 1360 feodo
1282 1329 1322 1359 de
1347 1328 1531 1360 OSTREMUE
1554 1338 1616 1371 que

155 1394 284 1436 quidem
314 1397 497 1426 tenementa
528 1395 631 1426 dictus
657 1394 823 1426 Axnnms
853 1395 958 1427 tenuit
983 1395 1018 1427 in
1044 1395 1203 1427 dominico
1233 1406 1299 1427 suo.
1356 1396 1555 1428 Habendum
1584 1398 1617 1429 et

155 1463 331 1495 tenendum
358 1462 466 1493 omnia
491 1462 632 1504 predicta
662 1465 845 1494 teuementa
874 1462 1007 1505 prefatis
1036 1463 1229 1496 WILLELMO
1261 1466 1293 1496 e‘t
1322 1463 1419 1496 IsoTE
1448 1466 1517 1496 tota
1549 1465 1617 1497 vita

158 1531 299 1572 ipsorum
312 1530 499 1563 Wuimm
517 1533 548 1562 et
563 1530 661 1562 Isom
677 1532 716 1562 de
732 1531 817 1563 dicto
833 1531 962 1563 domino
975 1531 1134 1563 Ronmro
1146 1531 1314 1563 heredibus
1329 1532 1394 1564 suis
1405 1534 1437 1564 et
1448 1533 1618 1575 assignatis

156 1599 254 1631 libere
270 1599 377 1640 quiete
392 1598 472 1630 bene
488 1603 520 1629 et
536 1598 569 1629 in
589 1610 673 1640 paee.
722 1599 898 1631 Reddendo
919 1599 994 1631 inde
1014 1600 1182 1631 annuatim
1200 1611 1257 1642 pro
1278 1600 1420 1642 qualibet
1440 1611 1512 1632 acra
1527 1611 1616 1633 men-

158 1670 265 1699 surata
287 1678 343 1708 per
359 1666 483 1708 virgam
503 1666 589 1698 feodi
610 1667 649 1698 de
669 1666 805 1698 PENRES
821 1678 886 1699 uno
902 1667 981 1709 pede
1004 1668 1138 1699 deducto
1160 1668 1198 1699 de
1217 1669 1328 1699 eadam
1345 1669 1436 1710 virga
1451 1669 1619 1701 duodecim

160 1735 306 1766 denarios
322 1735 361 1765 ad
378 1735 457 1765 duos
472 1735 549 1766 anni
565 1735 717 1766 terminos
729 1735 876 1766 videlicet
892 1736 933 1767 ad
948 1735 1103 1767 Pascham
1119 1737 1151 1767 et
1165 1735 1284 1768 festum
1299 1735 1409 1768 Sancti
1424 1736 1619 1769 MICHAELIS

161 1803 250 1844 equis
280 1802 480 1844 porcionibus
510 1814 567 1844 pro
598 1803 685 1834 omni
716 1803 844 1835 servicio
875 1803 1007 1835 seculari
1037 1804 1203 1835 exaccione
1233 1807 1265 1835 et
1295 1805 1462 1836 demanda.
1516 1805 1618 1838 Salvis

162 1871 263 1913 regali
280 1871 410 1902 servicio
429 1897 434 1901 .
453 1871 579 1902 redditu
595 1871 681 1912 perci
693 1871 732 1903 de
744 1871 850 1903 erz'
863 1871 954 1903 donis
970 1872 1189 1904 communibus
1200 1873 1234 1904 in
1246 1873 1350 1915 patria
1362 1873 1620 1916 contingentibus

162 1942 253 1970 tanto
276 1941 458 1970 tenemento
480 1937 714 1980 pertinentibus
732 1964 738 1970 .
755 1939 846 1970 sectis
857 1939 941 1971 curie
951 1940 990 1971 de
1000 1939 1205 1972 Ponmmox
1215 1940 1263 1973 bis
1275 1942 1309 1972 in
1319 1952 1403 1973 anno
1415 1953 1471 1983 per
1482 1942 1620 1974 rationa-

163 2006 261 2038 bilem
278 2006 559 2038 summonicionem
577 2033 582 2037 .
601 2010 684 2037 secta
700 2007 874 2038 molendini
890 2008 966 2039 ch'cti
983 2008 1103 2040 domini
1120 2009 1271 2041 Ronmm
1284 2009 1437 2041 heredum
1448 2021 1577 2042 suorum
1589 2012 1621 2042 et

165 2075 399 2117 assignatorum
418 2101 423 2106 .
441 2077 471 2106 et
488 2075 629 2116 quinque
646 2074 753 2106 solidis
769 2075 819 2106 vel
834 2076 956 2107 meliori
977 2075 1077 2108 bestia
1099 2077 1132 2107 in
1156 2076 1246 2108 obitu
1261 2077 1418 2109 dictorum
1433 2077 1618 2110 W1LLELM1

165 2146 194 2174 et
215 2142 311 2174 Isow
335 2154 391 2185 pro
413 2142 533 2174 herieto
558 2154 613 2174 suo
636 2143 670 2174 in
694 2144 844 2175 electione
867 2144 943 2176 dicti
965 2145 1085 2176 domini
1102 2145 1253 2176 Romarm
1270 2145 1423 2177 heredum
1439 2157 1568 2177 suorum
1589 2147 1621 2177 et

165 2211 407 2253 assignatorum.
434 2210 467 2241 Si
478 2213 584 2242 tamen
596 2211 681 2242 diota
691 2211 785 2242 Isou
797 2214 871 2243 ante
883 2213 1003 2244 dictum
1022 2213 1241 2245 WILLELMUM
1251 2214 1355 2245 virum
1366 2225 1458 2245 suum
1468 2214 1622 2246 moriatur

163 2279 290 2310 nullum
306 2279 403 2310 solvet
420 2278 576 2310 herietum
593 2279 647 2310 sed
663 2279 689 2310 si
704 2280 809 2321 ipsum
825 2281 1034 2322 supervixerit
1049 2281 1226 2323 predictum
1242 2282 1341 2313 solvet
1365 2282 1530 2313 herietum.
1577 2281 1622 2313 Et
