1820 2548
1526 175 1588 205 795

787 359 1012 392 DCOXXIX.

182 443 344 476 GRANT
374 443 438 475 BY
469 442 596 474 JOHN
627 441 688 473 LE
720 441 839 473 PORC
870 441 932 473 OB,
962 439 1130 479 PORCH,
1162 439 1220 471 OF
1250 439 1284 470 A
1311 437 1539 470 BURGAGE
1570 436 1623 468 IN

454 510 671 550 OARDIFF,
703 509 813 549 ETO„
844 509 902 541 TO
940 508 1148 541 MARGAM
1178 507 1349 539 ABBEY.

631 591 762 635 [HARL.
788 590 964 630 CHARTER,
989 592 1029 621 75
1054 590 1088 622 O.
1113 588 1183 632 43.]

215 675 385 708 Universis
409 674 550 706 CHRISTI
566 672 714 705 fidelibus
729 682 858 714 presens
875 671 1027 713 scriptum
1043 670 1157 702 visuris
1172 670 1222 701 vel
1238 669 1395 701 audituris
1409 668 1431 701 J
1434 679 1591 700 onAxxEs
1606 668 1636 699 le

172 745 263 778 Pone
278 744 413 776 salutem
428 743 462 774 in
478 742 616 774 domino.

216 813 352 845 Noverit
366 812 558 844 universitas
573 814 678 842 vestra
694 821 745 841 me
760 820 817 851 pro
839 809 940 840 salute
956 808 1062 840 anime
1077 819 1144 838 mee
1163 833 1168 838 .
1186 810 1218 839 et
1234 807 1404 838 MATILms
1420 806 1527 837 uxoris
1541 816 1610 837 mee
1628 830 1634 836 .

171 885 204 915 et
227 882 370 914 omnium
394 881 566 912 amicorum
588 889 731 910 meoriun
758 877 881 909 dedisse
904 879 935 908 et
962 876 1146 908 concessisse
1179 901 1185 907 .
1221 878 1254 907 et
1275 875 1333 907 hoc
1360 875 1499 917 presenti
1522 874 1638 915 scripto

174 951 372 983 confirmasse
389 949 498 981 domui
512 948 604 980 beate
621 947 741 978 MAROE
758 947 796 978 de
816 945 970 977 MARGAN
988 947 1019 976 et
1035 944 1198 976 monachis
1213 943 1332 976 ibidem
1347 943 1416 975 Deo
1432 942 1641 975 servientibus

174 1019 369 1062 burgagium
386 1029 487 1050 unum
503 1017 536 1049 in
552 1017 630 1048 villa
644 1017 683 1047 de
701 1015 863 1047 KAERDIF
882 1039 888 1045 .
907 1014 991 1056 quod
1006 1014 1091 1056 jacet
1105 1013 1189 1044 inter
1206 1013 1430 1045 WILLELMUM
1446 1011 1593 1043 SEwARn
1610 1014 1640 1042 et

178 1088 251 1120 TAF
269 1113 275 1119 .
294 1088 379 1130 quod
402 1085 631 1128 impignoravit
654 1084 734 1115 mihi
758 1084 920 1115 CRlsTlNA
943 1083 1052 1114 relicta
1077 1081 1230 1113 Rosam-1
1250 1080 1422 1113 WmNGEL
1445 1091 1502 1122 pro
1526 1080 1643 1122 viginti

174 1157 284 1188 solidis
307 1155 454 1187 omnibus
476 1153 588 1186 diebus
607 1154 672 1185 vite
698 1164 762 1185 sue.
815 1152 869 1183 Ita
897 1152 991 1194 plane
1018 1152 1103 1193 quod
1130 1151 1156 1182 si
1183 1150 1298 1192 aliquis
1321 1150 1355 1181 in
1378 1150 1462 1181 dicto
1485 1149 1643 1191 biugagio

175 1225 282 1267 majus
307 1224 360 1266 jus
383 1234 480 1265 quam
501 1234 560 1265 ego
584 1222 605 1254 J
608 1232 766 1253 OHANNES
787 1220 935 1252 habuerit
957 1246 963 1251 .
987 1223 1018 1252 et
1040 1219 1123 1251 illud
1139 1219 1357 1262 a[c]quieta.re
1373 1218 1508 1250 voluerit
1526 1244 1531 1249 .
1551 1218 1643 1249 dictis

177 1292 340 1325 monachis
356 1291 473 1334 viginti
490 1290 605 1322 solidos
621 1290 848 1332 sterlingorum
866 1314 871 1320 .
890 1293 922 1320 et
938 1292 1042 1320 totum
1059 1292 1183 1320 custum
1199 1288 1283 1329 quod
1300 1298 1394 1329 super
1408 1287 1490 1318 illud
1505 1287 1644 1328 positum

180 1361 277 1393 fuerit
301 1387 306 1392 .
330 1360 487 1403 persolvet
510 1385 515 1391 .
541 1362 714 1401 antequam
737 1359 776 1390 de
800 1357 948 1389 manibus
971 1357 1127 1389 dictorum
1151 1357 1378 1388 monachorum
1394 1356 1474 1387 illud
1490 1355 1620 1397 recipiat
1638 1381 1644 1387 .

176 1433 270 1472 prout
297 1430 331 1461 in
358 1428 557 1471 cyrographo
582 1427 800 1459 conventionis
827 1427 912 1468 quod
942 1430 990 1458 est
1016 1426 1100 1458 inter
1125 1437 1177 1457 me
1202 1428 1233 1457 et
1257 1425 1432 1467 predictam
1455 1424 1644 1456 CRISTINAM

177 1498 366 1529 continetur.
414 1497 509 1531 Quod
535 1495 771 1538 cyrographum
798 1496 839 1527 ad
863 1495 1020 1537 majorem
1047 1494 1146 1537 hujus
1170 1494 1350 1525 donationis
1380 1505 1449 1525 mee
1480 1493 1644 1525 confirma-

178 1566 299 1598 tionem
321 1565 484 1597 monachis
505 1565 624 1597 tradidi
647 1565 886 1607 prenominatis,
934 1564 1018 1596 Dedi
1042 1564 1171 1605 insuper
1191 1563 1309 1594 eisdem
1333 1562 1495 1594 monachis
1517 1562 1646 1593 tertiam

179 1637 303 1676 partem
319 1635 455 1666 duarum
471 1645 614 1665 acrarum
630 1633 714 1675 prati
730 1633 763 1664 in
781 1633 970 1664 Pommm:
987 1632 1092 1664 Mmm
1109 1643 1244 1674 querum
1260 1632 1395 1662 duarum
1407 1641 1550 1662 acrurmn
1566 1631 1646 1661 duas

179 1706 284 1744 partes
299 1701 320 1734 J
323 1712 476 1733 ORDANUS
492 1701 613 1733 Hoeno
628 1704 726 1733 tenet.
774 1700 884 1736 Quam
899 1703 1022 1743 partem
1038 1700 1122 1742 prati
1138 1699 1367 1742 impignoravit
1379 1698 1459 1730 mihi
1475 1697 1645 1730 TERmcus

181 1770 266 1802 filius
288 1769 414 1801 Tnoms
430 1781 486 1811 pro
502 1769 625 1801 duabus
640 1769 764 1801 marcis.
812 1769 865 1801 Ita
890 1769 1020 1811 quidem
1044 1768 1129 1810 quod
1151 1768 1330 1810 predictum
1352 1770 1480 1809 pratum
1504 1766 1645 1798 manebit

179 1849 302 1880 semper
325 1838 358 1869 in
382 1837 528 1869 manibus
551 1837 708 1869 dictorum
730 1838 959 1870 monachorum
982 1848 1081 1879 usque
1103 1837 1206 1868 dictus
1229 1836 1400 1868 Tmzmcrs
1417 1861 1423 1866 .
1441 1835 1491 1867 vel
1513 1835 1644 1867 heredes

178 1907 279 1950 ipsius
290 1907 409 1938 eisdem
421 1905 583 1937 monachis
595 1907 674 1937 duas
686 1917 807 1938 marcas
822 1906 1013 1948 persolvant.
1062 1905 1211 1937 Reddent
1224 1909 1331 1936 tumen
1348 1904 1481 1946 predicti
1497 1903 1644 1936 monachi

181 1976 265 2008 dieto
292 1974 442 2007 Tmuuco
469 1978 500 2006 et
524 1974 693 2006 heredibus
719 1974 784 2006 suis
808 1975 976 2007 annuatim
1001 1986 1058 2017 pro
1084 1974 1225 2016 predicto
1248 1976 1339 2016 prato
1362 1984 1464 2004 unum
1487 1984 1544 2014 par
1566 1973 1642 2004 ciro-

180 2044 342 2076 thetarum
358 2044 397 2075 de
410 2043 511 2085 pretio
527 2043 622 2074 unius
637 2042 759 2074 denarii
775 2043 816 2074 ad
832 2042 951 2075 festum
973 2043 1151 2074 nativitatis
1166 2042 1251 2074 beati
1266 2041 1288 2074 J
1291 2052 1441 2073 onsxms
1453 2041 1620 2073 BAP'rlsrss
1635 2066 1642 2073 .

180 2116 275 2155 prout
297 2123 358 2154 ego
380 2113 461 2144 sicut
484 2112 517 2143 in
541 2112 656 2153 scripto
680 2111 898 2143 conventionis
924 2112 1009 2153 quod
1033 2115 1079 2143 est
1102 2112 1186 2142 inter
1208 2122 1258 2142 me
1281 2113 1313 2142 et
1335 2111 1439 2152 ipsum
1463 2110 1645 2142 Tnmuctm

183 2181 363 2213 continetur
391 2206 397 2212 .
424 2180 555 2212 reddere
586 2190 819 2212 consueveram.
867 2179 963 2214 Quod
994 2180 1147 2222 scriptum
1178 2179 1397 2211 conventionis
1426 2179 1467 2211 ad
1491 2178 1646 2221 majorem

182 2249 282 2292 hujus
297 2249 478 2281 donationis
493 2259 563 2280 mee
578 2248 779 2280 securitatem
797 2248 889 2280 dictis
905 2248 1068 2280 monachis
1082 2248 1209 2280 tradidi.
1256 2248 1303 2280 Et
1324 2248 1358 2279 iu
1374 2247 1488 2279 horum
1504 2247 1648 2279 omnium
