1820 2548
1532 207 1614 238 1079

185 362 289 394 dictus
303 363 326 395 J
327 374 485 395 OHANNES
501 363 615 395 obierit
630 363 698 394 sine
714 362 830 395 herede
845 362 985 394 masculo
1000 363 1040 394 de
1055 373 1183 404 corpore
1204 372 1261 394 suo
1282 365 1445 404 procreato
1462 388 1467 395 .
1485 365 1562 394 tunc
1582 366 1654 405 post

185 431 349 463 decessum
369 431 503 473 predicti
521 431 544 463 J
546 442 696 463 OHANNIS
714 430 894 473 predictum
918 430 1097 462 manerium
1114 433 1145 462 et
1166 430 1334 462 advocacie
1351 430 1478 462 ecclesie
1494 431 1655 463 antedicte

185 510 258 530 cum
273 499 477 541 pertinentiis
492 500 618 542 integre
632 498 811 531 remanebit
827 499 949 531 Amcnz
966 499 1064 531 sorori
1086 499 1231 541 ejusdem
1246 498 1269 531 J
1271 510 1421 530 OHANNxs
1437 502 1470 531 et
1484 499 1654 532 heredibus

183 568 334 600 masculis
356 569 396 600 de
419 579 547 610 corpore
570 579 626 600 suo
652 567 824 610 procreatis
849 593 855 599 .
880 567 1071 599 Tenendum
1099 568 1139 599 de
1164 567 1294 609 capitali
1317 567 1447 599 domino
1463 567 1549 599 feodi
1564 568 1652 600 illius

184 647 241 678 per
265 636 410 678 predicta
434 637 565 668 servicia
589 636 671 669 sicut
696 636 876 678 predictum
901 638 950 668 est
974 636 1210 678 inperpetuum.
1258 635 1303 667 Et
1329 636 1356 668 si
1380 636 1549 679 contingat
1565 638 1651 678 quod

182 705 326 747 predicta
347 706 472 738 Auem
495 705 609 738 obierit
631 705 700 737 sine
722 704 892 737 heredibus
914 705 1064 737 masculis
1087 705 1126 737 de
1148 716 1276 747 corpore
1300 716 1357 737 suo
1379 706 1551 747 procreatis
1573 708 1651 738 tuno

181 776 253 816 post
268 774 430 806 decessum
445 775 585 816 predicte
600 774 723 806 ALICIE
735 774 915 816 predictum
927 774 1107 805 manerium
1123 776 1155 805 et
1171 774 1338 806 advocacie
1350 774 1476 806 ecclesie
1492 775 1651 807 antedicte

182 853 255 874 cum
273 843 477 885 pertinentiis
499 843 625 885 integre
645 842 823 874 remanebit
839 842 978 874 Smmffi
1002 842 1101 874 sorori
1119 842 1265 884 ejusdem
1286 841 1410 874 Amcm
1427 846 1459 874 et
1481 843 1651 875 heredibus

181 911 330 943 masculis
346 911 385 943 de
401 922 528 953 corpore
545 923 602 943 suo
616 911 790 953 procreatis
814 937 820 942 .
845 910 1037 942 Tenendum
1049 911 1089 942 de
1105 910 1234 952 capitali
1246 911 1377 942 domiuo
1393 910 1480 942 feodi
1495 911 1583 943 illius
1595 923 1651 953 per

181 979 325 1021 predicta
355 979 486 1012 servicia
515 979 597 1011 sicut
626 979 806 1022 predictum
837 982 884 1011 est
920 979 1156 1021 inperpetuum.
1202 978 1249 1010 Et
1287 990 1347 1021 ego
1385 990 1458 1011 vero
1488 979 1651 1021 predictus

181 1047 324 1079 Tnoms
346 1051 378 1080 et
399 1048 530 1080 heredes
549 1048 613 1080 mei
628 1047 906 1080 warentizabimus
927 1047 1046 1079 eisdem
1066 1047 1197 1079 domino
1220 1047 1381 1079 Romano
1404 1050 1436 1079 et
1454 1047 1598 1079 Bonum:
1617 1051 1650 1080 et

179 1115 349 1149 heredibus
380 1117 445 1149 suis
467 1117 627 1159 predictis,
651 1119 684 1148 et
707 1117 808 1148 eciam
839 1116 943 1148 eidem
968 1116 1122 1147 Rufino
1150 1119 1182 1148 et
1212 1115 1384 1148 heredibus
1409 1116 1474 1148 suis
1499 1117 1650 1158 predictis

180 1184 207 1216 si
236 1185 371 1227 predicti
401 1185 550 1218 dominus
582 1185 762 1217 Ronssmns
793 1187 826 1217 et
855 1185 999 1217 Bot’RGE
1031 1184 1169 1216 obien'nt
1198 1184 1267 1216 sine
1296 1184 1412 1216 herede
1443 1185 1482 1217 de
1520 1196 1648 1227 corpore

177 1264 235 1285 suo
259 1253 437 1286 adinvicem
466 1257 630 1296 procreato
647 1280 654 1286 .
675 1257 708 1286 et
730 1254 830 1286 eciam
853 1254 957 1286 eidem
980 1254 1002 1286 J
1005 1264 1138 1285 OHANNI
1163 1256 1194 1285 et
1216 1253 1387 1286 heredibus
1410 1254 1475 1286 suis
1496 1254 1647 1296 predictis

177 1321 205 1353 si
252 1322 415 1363 predictus
468 1323 642 1355 Rmmmns
695 1322 809 1355 obierit
854 1323 921 1354 sine
973 1322 1089 1354 herede
1141 1322 1282 1354 masculo
1334 1323 1374 1354 de
1427 1333 1554 1364 corpore
1592 1334 1649 1354 suo

177 1394 340 1431 procreato
373 1417 378 1422 .
411 1394 443 1423 et
473 1391 573 1423 eciam
603 1392 707 1423 eidem
737 1392 861 1423 Amcnz
891 1396 924 1422 et
953 1390 1123 1422 heredibus
1153 1390 1218 1422 suis
1247 1390 1398 1432 predictis
1428 1391 1455 1422 si
1486 1391 1646 1433 predictus

176 1457 358 1490 JOHANNES
399 1459 512 1492 obierit
538 1460 607 1491 sine
636 1459 751 1492 herede
777 1460 918 1491 masculo
949 1460 988 1491 de
1020 1470 1148 1501 corpore
1174 1470 1230 1490 suo
1258 1461 1421 1500 procreato
1447 1484 1454 1490 .
1481 1462 1513 1491 et
1546 1459 1646 1491 eciam

175 1526 280 1558 eidem
310 1526 447 1559 SIBILIAE:
485 1530 516 1560 et
552 1528 723 1561 heredibus
760 1528 825 1560 suis
854 1528 1004 1570 predictis
1035 1528 1062 1559 si
1099 1528 1242 1570 predicta
1272 1527 1397 1560 Amen
1428 1528 1541 1560 obierit
1575 1529 1644 1560 sine

174 1594 290 1627 herede
305 1596 445 1628 masculo
461 1597 501 1628 de
517 1608 645 1639 corpore
661 1609 717 1629 suo
739 1599 902 1639 procreato
919 1623 925 1628 .
943 1597 1122 1639 predictum
1138 1597 1318 1628 manerium
1342 1599 1373 1628 et
1395 1597 1640 1629 advocacionem

175 1664 302 1696 ecclesie
332 1665 474 1706 predicte
507 1676 578 1697 cum
617 1666 822 1707 pertinenciis
853 1666 934 1697 sicut
964 1666 1145 1708 predictum
1176 1667 1223 1697 est
1254 1667 1363 1697 contra
1394 1676 1504 1697 omnes
1533 1667 1646 1708 gentes

174 1732 413 1774 inperpetuum.
459 1733 505 1765 Et
521 1733 546 1766 si
562 1735 730 1777 contingat
744 1735 830 1777 quod
845 1735 988 1777 predicta
1004 1734 1144 1766 S1RII.LA
1160 1733 1274 1766 obierit
1289 1733 1357 1765 sine
1372 1733 1487 1766 herede
1503 1734 1644 1767 masculo

174 1801 214 1833 de
230 1812 358 1843 corpore
375 1813 431 1834 suo
446 1805 609 1844 procreato
623 1829 629 1835 .
643 1805 721 1835 tunc
735 1806 807 1845 post
823 1804 984 1835 decessum
1000 1803 1100 1845 ipsius
1115 1803 1254 1835 SImLLE
1269 1802 1448 1845 predictum
1464 1802 1643 1834 manerium

173 1871 205 1900 et
228 1870 396 1902 advocacio
420 1870 547 1903 ecclesie
563 1871 703 1912 predicte
726 1883 798 1903 cum
814 1871 1019 1913 pertinenciis
1034 1871 1161 1914 integre
1177 1873 1378 1903 revertentur
1400 1871 1441 1902 ad
1464 1871 1643 1913 predictum

172 1938 340 1970 dominum
364 1938 555 1971 Ronmmm
576 1939 708 1972 heredes
722 1951 795 1972 suos
810 1942 842 1972 et
857 1940 1035 1982 assignatos
1050 1939 1157 1982 quiete
1170 1939 1210 1971 de
1225 1939 1297 1971 aliis
1311 1938 1485 1971 heredibus
1499 1939 1642 1980 ipsorum

172 2005 320 2038 Rmfflm
362 2007 536 2040 JOHANNIS
566 2008 689 2040 Auem
713 2011 746 2040 et
770 2008 908 2040 SIBILLE
935 2034 941 2040 .
967 2008 1159 2040 Tenendum
1184 2009 1224 2040 de
1251 2008 1381 2050 capitali
1397 2008 1528 2040 domino
1550 2007 1638 2039 feodi

170 2074 259 2106 illius
278 2086 335 2117 per
353 2076 485 2108 servicia
507 2087 568 2118 que
589 2077 630 2108 ad
652 2076 735 2109 illud
755 2077 935 2109 manerium
956 2075 1159 2119 pertine[n]t
1184 2076 1218 2108 in
1239 2079 1438 2119 perpetuum.
1485 2075 1527 2108 In
1550 2075 1643 2118 cujus

171 2142 218 2174 rei
254 2143 476 2176 testimonium
513 2147 694 2187 presentem
740 2147 860 2177 cartam
900 2145 1103 2177 indentatam
1142 2147 1174 2177 et
1211 2145 1405 2187 triplicatam
1444 2144 1543 2187 sigilli
1580 2144 1643 2176 mei

169 2210 364 2252 inpressione
379 2211 534 2244 roboravi.
574 2212 652 2245 Hiis
667 2213 802 2246 testibus
815 2238 822 2245 .
839 2213 969 2246 domino
985 2213 1102 2245 DAvn)
1123 2213 1162 2244 de
1178 2212 1321 2244 LABERE
1337 2212 1440 2244 milite
1458 2237 1464 2244 .
1482 2211 1643 2244 Rom-,nro

169 2279 210 2311 de
232 2278 467 2312 anssnnmcn
493 2307 499 2313 .
524 2281 690 2314 JouANNE
713 2282 754 2314 de
775 2281 976 2314 LANomox’
1002 2307 1008 2313 .
1029 2280 1225 2314 W1LL1-:LMO
1247 2281 1287 2313 de
1309 2280 1459 2313 Limne
1482 2281 1522 2312 de
1545 2279 1638 2312 LAN-

169 2357 317 2380 anrrn
335 2374 341 2380 .
359 2348 528 2382 PmLu‘ro
544 2349 708 2382 Sconmo’
727 2376 733 2383 .
751 2350 912 2383 Romam-o
927 2350 1053 2382 Moxm,
1071 2375 1078 2382 .
1094 2350 1175 2382 Am
1191 2350 1231 2382 de
1246 2349 1391 2382 Lama
1407 2351 1438 2381 et
1455 2349 1536 2381 aliis.
