1820 2548
256 172 319 203 878

211 328 384 360 vacationis
414 327 496 360 sedis
526 327 722 370 episcopatus
752 326 906 369 praedicti,
936 329 968 358 et
998 326 1070 358 fecit
1095 327 1200 358 seisire
1227 326 1336 358 villam
1360 326 1449 358 illam
1476 326 1510 357 in
1537 336 1668 358 manum

213 396 334 428 domini
351 395 461 439 Regis,
478 398 510 428 et
524 395 668 427 homines
684 395 783 438 ipsius
799 394 985 427 WILLELMI
1002 394 1076 426 inde
1092 395 1211 426 amovit
1235 397 1267 426 et
1287 395 1422 427 tradidit
1444 394 1555 426 villam
1578 394 1669 427 illam

214 464 409 497 anamuo
433 465 471 496 de
494 464 661 496 Bmzwosa
676 463 798 505 juniori
813 463 984 495 tenendam
1000 463 1046 495 ita
1060 464 1145 505 quod
1160 463 1365 505 responderet
1379 463 1507 495 domino
1523 462 1609 506 Regi
1631 463 1671 495 de

215 532 353 565 exitibus
376 536 407 564 et
432 532 579 575 proficuis
603 532 678 563 inde
699 530 968 573 provenientibus.
1015 530 1080 566 Qui
1107 531 1236 572 quidem
1263 530 1476 563 WILLELMUS
1495 530 1606 573 junior
1629 531 1672 563 sie

216 604 303 633 tenet
320 601 423 633 adhuc
439 601 613 643 predictam
629 600 748 631 villam.
798 598 944 631 preterea
968 599 1045 631 dioit
1069 600 1155 641 quod
1177 601 1386 631 antecessores
1409 599 1457 632 sui
1477 599 1673 642 temporibus

217 671 353 701 duarum
369 669 571 700 vacationum
586 668 720 710 predicti
736 667 934 709 episcopatus
949 667 1091 709 proxime
1107 667 1344 710 precedentium
1360 668 1491 700 fuerunt
1511 668 1546 700 in
1567 667 1682 700 seisina

218 739 369 781 predictae
385 737 471 769 villae
486 737 615 769 nomine
631 736 782 768 eustodiae
799 736 872 768 sede
887 737 1029 774 vacante,
1046 738 1102 767 etc.
1148 735 1194 767 Et
1208 735 1267 767 hoc
1282 738 1412 778 paratus
1434 738 1481 768 est
1503 736 1673 776 verificare,

217 810 275 839 etc.
321 806 367 838 Et
382 807 467 838 idem
483 805 697 838 Wmssmms
721 804 825 836 senior
848 804 1001 846 quaesitus
1025 804 1050 836 si
1074 804 1188 836 clamet
1206 804 1259 846 jus
1283 804 1317 836 in
1344 805 1487 837 custodia
1512 805 1675 847 praediotae

217 875 302 907 villae
325 875 398 907 sede
419 874 562 916 praedicti
584 874 782 916 episcopatus
804 875 945 911 vacante,
961 872 1039 904 dicit
1061 873 1146 914 quod
1169 873 1208 904 de
1230 873 1302 915 jure
1322 873 1408 904 illius
1426 873 1576 905 custodiae
1601 883 1677 915 erga

215 944 381 975 dominum
407 953 515 985 regem
536 954 601 974 non
628 942 698 973 vult
719 942 917 980 contendere,
939 942 994 973 sed
1018 941 1099 983 petit
1122 942 1207 983 quod
1233 941 1260 973 si
1283 943 1413 973 domino
1440 941 1526 984 Regi
1549 946 1581 974 et
1604 941 1676 984 ejus

216 1012 345 1044 oonsilio
369 1012 471 1043 visum
490 1011 540 1050 sit,
558 1011 642 1052 quod
662 1012 729 1052 ipse
750 1009 963 1043 W1LLELMUS
985 1009 1100 1041 habeat
1121 1009 1176 1052 jus
1197 1009 1231 1041 in
1253 1010 1395 1042 custodia
1417 1009 1570 1052 praedicta
1589 1009 1676 1042 villae

215 1080 376 1122 praedictae
393 1080 466 1111 sede
482 1081 624 1117 vacante,
641 1078 726 1120 quod
742 1078 890 1110 dominus
906 1077 977 1110 Rex
992 1080 1029 1109 ut
1043 1077 1145 1109 bonus
1160 1078 1308 1109 dominus
1323 1077 1382 1110 sibi
1397 1077 1494 1110 faciat
1506 1078 1580 1110 inde
1591 1078 1676 1120 quod

215 1147 274 1180 sibi
291 1148 456 1190 placuerit.
500 1147 580 1178 Ideo
596 1149 742 1188 expectet
757 1150 789 1178 et
806 1148 956 1188 sequatur
971 1146 1109 1188 gratiam
1125 1146 1246 1178 domini
1263 1145 1372 1188 Regis,
1389 1157 1460 1177 cum
1475 1145 1575 1178 nichil
1591 1145 1677 1178 dicat

215 1216 266 1248 vel
282 1216 429 1248 ostendat
445 1226 542 1258 quare
559 1214 701 1257 predicta
717 1214 860 1247 custodia
875 1214 915 1246 de
929 1214 1002 1256 jure
1017 1214 1078 1246 sibi
1094 1214 1263 1256 pertineat,
1283 1216 1341 1245 etc.
1370 1239 1375 1245 .
1405 1218 1435 1245 et
1461 1217 1523 1246 stet
1546 1214 1676 1246 interim

217 1285 359 1327 predicta
375 1284 560 1322 oommissio,
578 1286 637 1315 etc.

260 1352 305 1384 Et
322 1363 424 1384 eomes
441 1351 682 1384 GLOUCEsTmAE
698 1351 775 1382 dicit
793 1351 878 1392 quod
893 1361 1002 1382 omnes
1017 1353 1110 1382 terrae
1126 1352 1157 1381 et
1173 1352 1357 1382 tenementa
1372 1350 1457 1382 infra
1477 1351 1614 1392 patriam
1638 1351 1678 1383 de

217 1420 433 1453 GLAMORGAN
451 1420 620 1452 existentia
642 1422 717 1451 sunt
733 1420 772 1451 de
795 1419 937 1450 dominio
956 1429 1022 1457 suo,
1038 1418 1084 1449 ita
1107 1418 1191 1460 quod
1213 1420 1280 1450 tam
1304 1419 1445 1450 custodia
1465 1420 1621 1450 terrarum
1648 1421 1680 1451 et

217 1491 471 1521 tenementorum
495 1488 721 1530 praedictorum
746 1488 787 1519 ad
812 1487 1000 1528 praedictum
1024 1487 1239 1529 episcopatum
1264 1487 1477 1528 spectantium
1502 1499 1574 1519 cum
1598 1499 1677 1530 pree-

218 1557 336 1589 diotam
353 1557 459 1588 sedem
476 1567 585 1587 vacare
601 1556 782 1598 contigerit,
799 1566 895 1597 quam
912 1555 1045 1587 aliarum
1061 1558 1217 1587 terrarum
1233 1566 1493 1597 quarumcunque
1516 1556 1550 1587 in
1576 1556 1682 1598 patria

218 1625 285 1663 illa,
305 1636 376 1657 cum
394 1624 537 1656 custodia
552 1623 723 1666 contigerit
738 1624 922 1662 earundem,
939 1624 979 1655 ad
996 1624 1100 1665 ipsum
1116 1623 1253 1665 pertinet
1269 1624 1392 1655 ratione
1412 1624 1547 1656 dominii
1571 1624 1620 1656 sui
1646 1623 1679 1656 in

221 1693 365 1736 pastibus
380 1693 444 1724 iffis
459 1696 491 1723 et
507 1693 546 1723 ad
564 1692 689 1723 nullum
706 1691 814 1723 alium.
862 1691 906 1722 Et
923 1692 1000 1722 dicit
1015 1691 1099 1733 quod
1115 1702 1224 1722 omnes
1238 1693 1447 1723 antecessores
1472 1692 1530 1731 sui,
1556 1704 1574 1724 a
1600 1694 1681 1724 tem-

223 1773 298 1803 pore
314 1773 376 1803 quo
393 1772 457 1792 non
473 1763 561 1792 extat
579 1760 740 1799 memoria,
757 1771 880 1801 semper
895 1759 1075 1791 habuerunt
1092 1759 1267 1790 custodiam
1279 1759 1502 1801 praedictarum
1514 1762 1681 1799 terrarum,

225 1833 255 1861 ct
271 1829 448 1872 prebendas
463 1828 624 1870 praedictae
641 1828 777 1860 ecclesiae
793 1828 832 1859 de
856 1827 1037 1865 LANDATn,
1059 1827 1131 1859 sede
1158 1830 1299 1866 vacante,
1326 1828 1539 1867 contulerunt,
1564 1828 1682 1870 absque

228 1899 287 1930 hoc
303 1898 387 1939 quod
403 1897 551 1928 dominus
567 1897 637 1928 Rex
654 1896 704 1928 vel
721 1896 791 1938 ejus
806 1896 1024 1938 progenitores
1039 1906 1181 1937 unquam
1197 1895 1337 1937 aliquam
1353 1896 1527 1927 custodiam
1551 1896 1683 1938 praedic-

226 1969 332 1998 tarum
362 1968 518 1996 terrarum
542 1963 723 1996 habuerunt
753 1975 808 1996 seu
832 1963 1008 2005 prebendas
1033 1963 1171 1995 ecclesiae
1198 1963 1356 2005 praeffictae
1387 1964 1599 2003 contulerunt,
1623 1964 1685 1997 nisi

227 2033 394 2066 casualiter
424 2032 466 2064 sic
498 2032 652 2064 evenisset
682 2031 878 2073 temporibus
907 2031 1069 2063 retroactis
1099 2031 1183 2073 quod
1214 2031 1301 2062 sedes
1325 2032 1459 2073 predicti
1487 2032 1685 2074 episcopatus

231 2105 369 2134 vacasset
385 2104 526 2142 tempore
543 2112 605 2142 quo
621 2100 687 2142 ipse
712 2100 762 2132 vel
783 2100 898 2142 aliquis
924 2102 1157 2131 antecessorum
1182 2110 1309 2131 suorum
1334 2100 1486 2131 comitum
1511 2100 1575 2132 fuit
1600 2100 1686 2132 inf-ra

231 2172 347 2202 etatem
371 2168 451 2199 etin
468 2167 611 2200 custodia
626 2167 866 2210 progenitorum
889 2167 1011 2199 domini
1039 2167 1146 2209 Regis.
1193 2166 1246 2198 Ita
1272 2167 1357 2208 quod
1383 2167 1443 2209 ipsi
1469 2168 1686 2210 progenitores

231 2237 415 2270 habuerunt
430 2236 503 2268 inde
519 2236 694 2268 custodiam
710 2238 747 2268 ut
763 2236 938 2268 custodiam
959 2236 998 2267 de
1021 2235 1163 2267 custodia
1188 2235 1311 2267 ratione
1335 2235 1466 2267 minoris
1491 2236 1595 2268 aetatis
1621 2236 1688 2279 ejus
