1820 2548
1485 140 1567 171 1005

768 317 984 350 DCCCLIII.

137 399 290 432 LEASE
328 399 421 432 FOR
458 399 569 432 LIFE
607 399 673 431 BY
711 398 915 438 THOMAS,
955 398 1112 431 ABBOT
1150 398 1209 430 OF
1246 397 1466 436 MARGAM,
1504 395 1606 427 AND

250 468 349 501 THE
380 467 610 506 OONVENT‚
624 466 681 499 ΤΟ
698 467 718 499 J
722 467 826 500 OHN
841 467 903 499 LE
919 467 1092 503 YONGE.
1109 466 1322 499 BURGESS
1338 465 1397 498 OF
1414 463 1608 502 KENFIG,

250 537 310 569 OF
346 536 477 569 LAND
516 535 754 569 BETWEEN
791 535 976 568 KENFIG
1013 535 1115 568 AND
1154 534 1371 567 OARDIFF.

685 617 859 660 [MARGAM
884 616 1077 659 CHARTER]

294 699 434 731 SUNDAY
458 709 587 731 BEFORE
613 698 665 730 ST.
689 698 802 731 JAMES
825 709 893 730 THE
917 697 1100 730 Aposuss’s
1123 698 1210 730 Du.
1258 698 1299 729 23
1323 696 1422 729 JULY.
1472 696 1565 727 1307.

186 781 344 813 Omnibus
367 781 429 813 CH.
446 780 469 812 f.
494 792 622 822 presens
645 780 800 822 seriptum
824 791 854 812 v.
881 780 933 811 vel
956 792 983 812 a,
1016 779 1130 812 Frater
1160 779 1303 811 Tnoms
1327 778 1430 810 dietus
1453 777 1550 810 abbas
1573 777 1612 809 de

142 849 296 882 MARGAN
314 852 345 881 et
361 849 507 891 ejusdem
522 849 583 880 loci
598 851 773 881 conventus
789 849 927 880 salutem
942 849 975 880 in
993 848 1144 880 Domino.

186 918 350 951 Noveritis
372 929 429 950 nos
443 917 611 950 tradidisse
627 921 659 949 et
671 917 856 950 ooneessisse
869 917 891 949 J
893 928 1025 949 OHANNI
1039 917 1069 949 le
1081 916 1205 948 YoNGE
1218 915 1371 958 burgensi
1387 916 1426 947 de
1443 915 1612 947 KENEFEG

144 988 185 1019 ad
211 986 385 1019 terminum
410 986 474 1018 vite
505 998 559 1018 sue
590 989 691 1018 totam
722 987 811 1018 illam
834 989 952 1018 terram
975 997 1036 1028 que
1059 986 1222 1027 quondam
1245 985 1286 1016 ad
1309 984 1447 1016 officium
1470 983 1617 1025 magistri

144 1055 264 1088 fabrice
279 1066 360 1087 nove
384 1054 511 1086 ecclesie
534 1058 640 1086 nostre
663 1055 822 1096 pertinere
839 1054 968 1086 solebat.
1015 1053 1175 1087 Videlicet
1192 1057 1256 1085 tres
1279 1064 1366 1085 aeras
1388 1056 1471 1084 terre
1488 1051 1617 1083 arabih's

143 1135 279 1166 quarum
303 1135 367 1155 una
389 1122 473 1165 jacet
497 1123 531 1154 in
554 1123 726 1155 latitudine
749 1123 834 1155 inter
856 1126 974 1154 terram
999 1134 1097 1164 quam
1120 1122 1282 1164 quondam
1306 1121 1412 1153 tenuit
1434 1120 1617 1152 JOHANNES

145 1192 284 1224 PERUAT
300 1204 340 1223 ex
356 1194 447 1234 parte
463 1191 611 1223 orientali
626 1193 658 1223 et
679 1194 797 1223 terram
814 1191 968 1223 Romam
986 1191 1025 1223 de
1048 1190 1230 1222 CANTELOU
1254 1202 1294 1222 ex
1316 1192 1407 1231 parte
1431 1188 1619 1220 occidentali

144 1265 175 1293 et
191 1260 335 1292 extendit
352 1271 384 1292 se
400 1260 434 1292 in
450 1260 654 1302 longitudine
671 1271 690 1291 a
706 1260 757 1292 via
772 1260 875 1302 regali
891 1272 952 1302 que
968 1260 1056 1291 ducit
1073 1260 1112 1291 de
1135 1258 1306 1291 KENEFEG
1323 1269 1433 1290 versus
1454 1256 1617 1288 KAYRDIF

145 1341 184 1362 ex
214 1332 304 1371 parte
336 1329 468 1361 australi
501 1354 507 1360 .
541 1340 641 1370 usque
672 1329 713 1360 ad
736 1329 821 1360 viam
853 1340 913 1371 que
945 1329 1033 1360 ducit
1059 1329 1099 1360 de
1129 1327 1300 1359 KENEFEG
1329 1337 1437 1358 versus
1464 1325 1615 1357 Comum

145 1410 184 1430 ex
207 1402 297 1440 parte
319 1397 443 1429 boriali.
489 1397 567 1429 Alia
590 1408 662 1429 aora
684 1397 769 1439 jacet
791 1398 825 1429 in
856 1398 1030 1429 latitudine
1052 1398 1137 1429 inter
1160 1400 1278 1429 terram
1301 1395 1379 1427 dieti
1403 1394 1558 1426 Ronmm
1582 1394 1621 1425 de

146 1468 303 1499 CANTELO
326 1477 365 1498 ex
388 1469 524 1508 utraque
547 1468 647 1508 parte,
672 1469 703 1498 et
726 1466 872 1498 extendit
895 1478 926 1498 se
949 1466 984 1498 in
1007 1465 1212 1509 longitudine
1235 1477 1254 1496 a
1276 1464 1329 1496 via
1345 1475 1406 1506 que
1422 1463 1507 1505 jacet
1523 1462 1621 1504 juxta

146 1535 252 1567 DAME
276 1535 384 1566 Amen
402 1534 522 1566 Gnomz
539 1546 579 1566 ex
594 1538 684 1577 parte
699 1534 812 1566 boriali
828 1547 928 1577 usque
945 1536 985 1566 ad
1002 1537 1121 1566 terram
1137 1534 1306 1567 WALTERI
1324 1532 1442 1564 Lovm.
1465 1517 1505 1562 en
1527 1533 1617 1573 parte

145 1603 286 1635 australi.
334 1602 445 1634 Tereia
461 1613 534 1634 vero
551 1614 622 1634 acra
637 1603 722 1645 jacet
737 1603 771 1635 in
787 1603 960 1635 latitudine
977 1603 1062 1635 inter
1076 1606 1195 1634 terram
1211 1601 1289 1634 dicti
1306 1601 1460 1632 Rom-:nn
1477 1611 1516 1631 ex
1528 1600 1618 1641 parte

145 1671 292 1704 orientali
319 1674 350 1702 et
377 1673 495 1702 terram
522 1681 619 1713 quam
645 1672 808 1714 quondam
833 1672 939 1704 tenuit
966 1672 1071 1703 dietus
1093 1670 1115 1703 J
1117 1681 1275 1703 onANm-:s
1298 1668 1441 1700 Pmmm
1464 1679 1504 1700 ex
1526 1669 1617 1709 parte

145 1739 334 1772 occidentali
372 1742 403 1770 et
441 1739 586 1770 extendit
624 1751 656 1771 se
692 1739 728 1771 in
765 1740 901 1782 longum
939 1751 958 1772 a
993 1743 1078 1771 terra
1114 1739 1136 1771 J
1139 1748 1289 1770 onANms
1328 1736 1425 1768 KYFT
1456 1747 1495 1767 ex
1526 1738 1615 1777 parte

144 1807 275 1840 australi
293 1833 298 1838 .
317 1818 416 1848 usque
433 1807 474 1838 ad
490 1808 576 1838 viam
591 1807 732 1849 regalem
748 1819 809 1850 que
831 1808 915 1850 jacet
939 1807 1034 1850 juxta
1058 1807 1163 1839 DAME
1187 1806 1295 1838 AmcE
1320 1804 1439 1837 Gnovn
1462 1814 1501 1835 ex
1524 1805 1615 1845 parte

142 1876 270 1909 boreali.
318 1875 517 1907 Habendum
534 1878 566 1907 et
581 1876 757 1908 tenendum
773 1879 874 1908 totam
898 1877 1017 1908 dietam
1040 1879 1159 1907 terram
1178 1886 1197 1906 a
1217 1873 1308 1906 nobis
1331 1876 1363 1905 et
1386 1871 1614 1904 suecessoribus

141 1945 257 1977 nostris
265 1945 350 1976 dieto
362 1944 384 1976 J
386 1954 519 1975 OHANNI
535 1944 564 1975 le
577 1943 700 1976 Yoms
717 1945 758 1976 ad
773 1945 947 1977 terminum
964 1945 1027 1977 vite
1043 1956 1107 1977 sue.
1156 1942 1333 1976 Reddendo
1349 1941 1424 1973 inde
1440 1940 1609 1972 aunuatim

142 2013 234 2045 nobis
249 2017 281 2045 et
296 2011 523 2044 successoribus
538 2014 653 2044 nostris
669 2013 736 2055 ipse
757 2013 861 2045 dietus
877 2013 898 2046 J
900 2024 1058 2045 OHANNES
1074 2013 1103 2044 le
1120 2011 1243 2044 YONGE
1266 2010 1372 2053 quoad
1395 2008 1510 2040 vixerit
1533 2009 1612 2040 duos

143 2082 259 2115 solidos
281 2081 408 2123 argenti
431 2081 471 2113 ad
494 2081 573 2113 duos
596 2081 748 2114 terminos
771 2083 847 2114 anui
873 2107 880 2114 .
905 2082 1052 2114 videficet
1075 2082 1117 2113 ad
1148 2081 1267 2113 festum
1297 2078 1418 2111 Pasohe
1442 2077 1609 2109 duodecim

144 2150 289 2182 denarios
304 2152 337 2182 et
351 2150 392 2182 ad
412 2149 531 2181 festum
547 2149 633 2181 beati
654 2149 849 2182 chnAEms
865 2151 1033 2183 duodevim
1054 2149 1200 2182 denarios
1222 2159 1279 2190 pro
1303 2146 1450 2179 omnibus
1473 2145 1611 2177 serviciis

143 2217 335 2250 secularibus
345 2216 562 2249 exactionibus
574 2220 605 2249 et
618 2218 793 2250 domandis.
843 2218 905 2250 Pro
917 2218 976 2250 ha(-
987 2222 1095 2250 autem
1107 2219 1215 2249 nostra
1226 2215 1398 2248 traditione
1413 2213 1611 2246 concessione
