1820 2548
244 160 308 191 994

244 315 279 348 Si
295 316 365 358 quis
388 327 461 348 vero
484 316 525 348 ad
547 318 664 347 sectam
688 314 857 356 cujuslibet
882 315 1103 357 conquerentis
1125 326 1219 357 super
1242 314 1400 346 fraccione
1422 314 1664 357 imparcamenti

201 383 346 426 legitime
362 384 568 416 convincatur
583 384 617 416 in
632 383 749 427 viginti
766 383 874 415 solidis
889 383 1070 415 muletetur.

245 464 291 496 Et
313 465 340 496 si
363 465 569 497 convincatur
591 465 631 496 (10
654 464 798 497 forstallo
820 464 855 495 111
877 466 976 496 strata
1000 464 1104 506 Regia
1126 464 1260 496 scienter
1276 466 1307 496 et
1323 463 1481 496 maliciose
1497 464 1661 497 commisso

201 532 318 575 viginti
348 533 464 565 solidos
494 533 659 575 plectetur.
719 532 765 564 Et
791 543 848 574 pro
872 543 1010 564 rescusso
1035 532 1214 564 avez-iorum
1244 531 1400 564 violenter
1428 531 1513 564 facto
1543 531 1660 575 viginti

202 601 319 632 solidis.
366 600 411 632 Et
426 612 483 643 pro
498 600 690 633 homsokene
707 600 824 643 viginti
839 600 956 632 solidis.

244 681 365 713 Nullus
380 692 515 723 querens
530 681 717 713 amer-cietur
732 681 818 714 ultra
832 683 896 713 tres
918 680 1033 713 solidos
1048 680 1082 713 in
1098 681 1187 713 nullo
1210 691 1283 713 casu
1305 682 1436 722 excepto
1458 680 1661 723 appellatore,

199 749 296 792 quisi
317 750 468 782 defecerit
490 750 524 781 in
547 761 603 782 suo
626 750 751 792 appello
773 761 830 791 per
851 749 1104 791 redempcionem
1127 749 1295 791 sexaginta
1317 749 1490 781 solidorum
1513 750 1545 780 et
1565 748 1661 781 unius

199 818 322 850 denarii
337 818 500 860 puniatur.
1027 867 1031 872 ἱ

242 892 391 924 Preterea
413 893 560 924 volumus
582 895 614 924 et
637 893 838 925 concedimus
859 903 916 934 pro
938 892 1029 924 nobis
1051 893 1083 924 et
1105 891 1275 924 heredibus
1296 891 1412 923 nostris
1434 891 1659 933 inperpetuum

198 961 284 1002 quod
300 961 487 992 cancellaria
502 964 610 993 nostra
626 961 660 993 in
676 960 819 1003 partibus
836 960 996 993 GOHERIE
1012 960 1135 1003 jugiter
1156 959 1312 992 habeatur
1327 961 1437 1001 aperta
1452 961 1485 991 et
1498 961 1603 1001 presto
1618 958 1659 991 sit

197 1028 344 1060 omnibus
360 1031 391 1060 et
407 1029 542 1071 singulis
558 1028 666 1061 brevia
682 1028 864 1071 petentibus
879 1029 946 1060 31110
962 1028 1148 1060 difficultate
1163 1027 1278 1070 aliqua.

240 1108 309 1141 Nee
332 1120 389 1150 pro
416 1120 614 1151 quocumque
644 1109 732 1141 brevi
762 1109 899 1152 amplius
929 1120 1026 1151 quam
1049 1111 1169 1151 septem
1191 1108 1314 1140 denarii
1336 1109 1482 1140 donetur.
1527 1107 1563 1140 Si
1585 1120 1658 1141 vero

196 1180 308 1219 petens
331 1176 426 1209 breve
455 1178 594 1219 aliquod,
622 1182 654 1209 et
680 1179 719 1209 de
746 1178 849 1210 forma
868 1177 927 1209 sibi
946 1188 1089 1209 concessa
1112 1188 1168 1218 per
1191 1176 1410 1208 cancellariam
1430 1178 1571 1208 nostram
1592 1187 1656 1209 non

196 1245 295 1277 fuerit
311 1248 487 1285 contentus,
504 1246 561 1277 fiat
576 1246 605 1277 01
621 1246 715 1277 breve
731 1246 904 1278 secundum
921 1245 969 1276 sui
985 1245 1221 1276 ordinacionem
1237 1244 1376 1286 periculo
1388 1255 1455 1283 3110,
1472 1245 1658 1277 dumtamen

194 1313 261 1355 juri
271 1324 444 1345 consonum
455 1314 611 1352 videatur,
629 1316 660 1345 et
669 1314 896 1355 transcriptum
905 1313 1009 1345 brevis
1024 1324 1080 1354 pro
1097 1323 1161 1344 uno
1177 1312 1307 1344 denario
1321 1311 1444 1354 petenti
1460 1312 1655 1344 exhibeatur.

239 1393 335 1428 Quod
362 1394 388 1425 31
415 1405 472 1426 nos
499 1394 549 1425 vel
575 1394 706 1426 heredes
729 1394 829 1426 nostri
854 1394 1010 1425 fuerimus
1033 1393 1068 1424 in
1092 1395 1206 1424 tenua-a
1236 1392 1366 1424 alterius
1389 1392 1471 1434 juris
1496 1392 1657 1434 justiciam

194 1461 348 1493 faciemus
364 1461 494 1493 cuilibet
510 1462 718 1504 conquerenti
740 1473 797 1504 pro
820 1461 965 1493 billetum
990 1461 1080 1493 nobis
1103 1462 1305 1503 porrectum.
1324 1460 1350 1492 si
1372 1460 1407 1492 in
1429 1460 1573 1503 partibus
1594 1460 1658 1493 illis

195 1529 350 1561 fuerimus
368 1555 374 1560 .
392 1530 441 1561 sin
457 1532 564 1561 autem
587 1531 734 1562 tradatur
756 1529 904 1562 billetum
928 1528 1096 1562 senescallo
1113 1530 1220 1560 nostro
1236 1528 1291 1570 qui
1313 1539 1371 1570 pro
1393 1530 1536 1570 tempore
1550 1528 1657 1569 fuerit,

195 1600 228 1629 et
243 1597 269 1628 si
285 1597 460 1629 satisfaccio
480 1600 660 1639 competens
683 1597 768 1629 facta
790 1608 855 1629 non
877 1597 982 1636 fuerit,
1007 1598 1124 1628 extunc
1146 1596 1330 1628 immediate
1352 1595 1447 1628 breve
1470 1597 1660 1629 concedatur

195 1666 234 1698 de
257 1666 444 1697 cancellaria
466 1668 575 1698 nostra
597 1666 631 1698 in
655 1666 742 1697 omni
765 1677 839 1698 casu
861 1665 1033 1704 disseisine,
1057 1667 1104 1697 set
1126 1665 1160 1696 in
1183 1664 1254 1696 aliis
1269 1664 1392 1696 casibus
1407 1664 1658 1707 quibuscumque

195 1732 332 1766 liberum
362 1735 582 1765 tenementum
612 1734 829 1776 tangentibus,
847 1733 976 1765 domino
1006 1733 1041 1765 111
1070 1733 1214 1775 partibus
1244 1733 1457 1764 ANGLICANIS
1494 1733 1544 1765 vel
1582 1733 1658 1765 alibi

195 1801 325 1833 remotis
341 1804 467 1843 agente,
484 1802 519 1833 in
535 1802 651 1844 quibus
673 1801 820 1834 bifletum
843 1802 877 1833 in
901 1802 1003 1833 forma
1025 1801 1178 1843 premissa
1200 1801 1392 1843 porrigatur,
1416 1807 1463 1832 set
1485 1800 1511 1832 si
1533 1812 1658 1833 necesse

196 1869 294 1901 fuerit
309 1868 413 1901 brevis
428 1869 585 1901 exhibicio
608 1881 708 1912 usque
730 1870 771 1901 ad
793 1870 873 1902 duos
895 1880 1018 1901 menses
1040 1869 1211 1911 completos
1234 1869 1412 1900 differatur.
1458 1868 1504 1900 Et
1526 1870 1603 1901 tuuc
1622 1869 1657 1907 in

196 1936 386 1969 liberacione
401 1937 506 1969 brevis
521 1940 553 1970 et
568 1937 756 1970 execucione
771 1938 917 1970 facienda
933 1940 1041 1969 contra
1056 1948 1114 1969 nos
1132 1939 1287 1979 tanquam
1302 1939 1411 1968 contra
1426 1947 1656 1979 quemcumque

196 2005 295 2037 alium
310 2016 367 2046 per
382 2005 668 2038 consideracionem
684 2006 852 2038 comitatus
867 2005 1001 2047 predicti
1016 2005 1050 2036 in
1066 2005 1170 2036 forma
1184 2005 1266 2047 juris
1280 2005 1478 2047 procedatur.

238 2085 284 2117 Et
299 2085 326 2117 si
341 2085 443 2117 vocati
458 2085 614 2117 fuerimus
629 2087 670 2118 ad
686 2086 872 2118 warentiam
888 2097 944 2128 per
959 2087 1078 2117 cartam
1093 2085 1299 2117 consimiliter
1320 2084 1482 2127 justiciam
1503 2083 1656 2117 faciemus

193 2153 228 2185 in
258 2153 361 2185 forma
391 2157 575 2185 memorata.
636 2154 706 2186 Nec
736 2154 831 2186 alicui
860 2154 1035 2186 vendemus
1065 2156 1120 2185 aut
1151 2152 1340 2195 negabimus
1368 2152 1539 2194 justiciam.
1585 2152 1655 2185 Nec

194 2221 309 2253 amodo
324 2220 410 2252 infra
426 2223 564 2253 castrum
580 2222 619 2254 de
634 2221 856 2254 SvnrNESEYA
872 2222 1040 2254 comitatus
1056 2223 1211 2253 teneatur.
