1820 2548
1547 133 1610 164 863

188 289 338 321 seisinam
367 289 502 331 predicti
533 289 657 321 comitis
683 291 715 320 et
753 289 829 331 quia
857 288 1047 327 intendebat
1076 289 1162 331 quod
1191 289 1341 331 predictae
1372 289 1510 321 nutrices
1539 290 1652 321 ducere

188 357 340 390 volebant
365 368 439 388 eum
465 360 556 389 extra
582 356 765 389 Prioratum
789 356 895 399 ipsum
917 357 1066 389 heredem
1090 356 1167 389 fecit
1187 357 1230 389 ad
1252 357 1355 399 ipsam
1377 357 1451 388 duci
1474 360 1506 388 et
1527 357 1591 389 fuit
1614 357 1652 389 de

188 437 316 467 corpore
331 426 430 468 ipsius
444 425 570 458 heredis
584 425 708 457 ratione
722 426 857 468 predicti
872 425 1048 457 tenementi
1063 425 1098 457 in
1111 425 1225 457 seisina
1247 427 1279 457 et
1302 425 1387 467 quod
1409 425 1456 456 ita
1478 425 1519 456 sit
1542 428 1652 467 parata

189 496 237 526 est
251 494 412 526 verificare
428 496 522 536 prout
537 494 625 526 curia
639 494 894 526 consideraverit.

233 562 279 594 Et
293 563 454 605 predictus
469 574 572 595 comes
587 562 665 594 dicit
681 563 766 604 quod
789 562 968 604 predictum
984 562 1192 604 maritagium
1208 562 1250 594 ad
1265 562 1371 604 ipsum
1386 562 1543 604 pertinere
1559 561 1652 594 debet

187 630 312 663 ratione
338 631 508 672 cujusdam
533 631 708 663 tenementi
734 631 768 662 in
794 630 1010 663 GLAMORGAN
1038 631 1124 672 apud
1153 630 1314 662 SANCTUM
1344 630 1518 662 DONATUM
1548 631 1587 662 de
1618 642 1655 662 eo

187 701 270 732 tenti
293 703 323 732 et
347 700 426 731 dicit
447 700 534 742 quod
557 699 688 741 quidam
714 699 886 731 RICARDUS
908 711 1011 732 comes
1033 699 1157 732 GLoth’
1173 702 1264 742 pater
1279 710 1355 731 suus
1378 699 1441 731 fuit
1464 699 1589 731 seisitus
1611 700 1652 731 de

187 779 316 810 corpore
338 768 473 810 predicti
503 767 638 800 Tuom
665 768 717 799 avi
746 768 882 810 predicti
903 768 1028 800 heredis
1051 768 1098 800 ita
1120 768 1205 810 quod
1229 770 1320 810 pater
1341 768 1483 810 predicte
1507 767 1656 799 CE01L1AE

188 837 293 879 ipsum
309 837 495 868 RicARDUM
512 836 661 868 comitem
683 836 895 878 implacitavit
918 839 951 868 et
972 837 1202 878 implacitando
1225 835 1305 868 obiit
1327 838 1359 868 et
1381 838 1490 878 postea
1512 836 1654 878 predicto

187 905 353 938 JOHANNE
377 906 416 936 de
439 907 534 937 aetate
553 905 711 937 sexdecim
727 916 884 937 annorum
907 905 1063 937 existente
1086 904 1195 937 adibat
1218 905 1379 947 quendam
1402 904 1594 936 HENR1CUM
1618 905 1657 936 de

187 973 435 1006 MONTE-FORTI
474 973 530 1015 qui
568 973 698 1015 quidem
735 973 917 1005 Hnnmccs
954 973 1059 1015 ipsum
1096 973 1118 1005 J
1121 984 1290 1005 οΗΑΝΝΕΜ
1328 973 1493 1005 maritavit
1529 973 1657 1005 cuidam

186 1042 421 1084 consanguinee
437 1053 491 1073 sue
507 1044 539 1073 et
558 1053 631 1073 cum
654 1043 739 1074 idem
761 1042 784 1074 J
786 1053 944 1073 OHANNES
967 1042 1160 1084 pervenisset
1184 1042 1225 1073 ad
1249 1042 1379 1084 plenam
1402 1044 1531 1073 aetatem
1554 1042 1655 1074 adivit

187 1111 367 1153 predictum
390 1110 538 1142 comitem
554 1112 586 1142 et
601 1110 699 1142 finem
720 1110 796 1142 fecit
812 1122 885 1142 cum
901 1121 937 1142 eo
952 1122 1009 1153 per
1023 1111 1176 1142 ducentas
1198 1121 1320 1142 marcas
1334 1121 1392 1152 pro
1408 1122 1444 1142 eo
1460 1111 1546 1152 quod
1568 1110 1655 1142 idem

185 1178 368 1212 ‹IOHANNI-:s
398 1190 430 1210 se
460 1179 566 1221 ipsum
595 1179 758 1210 maritavit
786 1179 854 1211 sine
879 1179 1011 1211 licencia
1041 1179 1140 1221 ipsius
1170 1179 1295 1211 comitis
1326 1180 1358 1210 et
1387 1179 1469 1221 petit
1494 1178 1655 1221 judicium

187 1248 309 1280 desicut
338 1250 430 1290 pater
458 1247 609 1290 predictae
649 1247 796 1279 CECILIAE
826 1247 1036 1290 implacitavit
1070 1248 1249 1290 predictum
1286 1247 1472 1279 Rmnnum
1506 1247 1654 1279 comitem

187 1318 311 1359 patrem
339 1327 432 1348 suum
459 1316 667 1358 supponendo
690 1316 796 1358 ipsum
819 1327 884 1348 esse
907 1316 941 1347 in
964 1315 1079 1348 seisina
1102 1316 1141 1348 de
1164 1316 1335 1358 maritagio
1357 1316 1500 1358 predicto
1523 1318 1553 1347 et
1577 1315 1656 1348 obiit

186 1385 368 1428 placitando
389 1388 421 1416 et
440 1388 550 1427 postea
569 1384 655 1416 idem
677 1384 699 1417 J
702 1395 860 1416 OHANNES
876 1385 961 1416 ffliue
976 1387 1008 1416 et
1023 1384 1114 1416 heres
1129 1384 1201 1427 ejus
1216 1385 1314 1416 finem
1328 1384 1406 1416 fecit
1421 1396 1494 1416 cum
1512 1385 1654 1426 predicto

187 1453 362 1487 GILBERTO
385 1464 441 1496 pro
464 1453 635 1496 maritagio
653 1454 796 1496 predicto
816 1465 873 1495 per
893 1453 1051 1495 predictas
1074 1454 1228 1485 ducentae
1249 1464 1372 1485 marcas
1387 1455 1419 1485 et
1438 1456 1548 1495 postea
1567 1453 1653 1485 idem

185 1533 289 1556 eomes
318 1523 382 1554 fuit
413 1522 448 1554 in
475 1521 591 1554 seisina
617 1523 657 1554 de
684 1533 812 1564 corpore
838 1522 973 1564 predicti
999 1521 1124 1554 heredis
1149 1524 1186 1553 ut
1211 1521 1392 1564 predictum
1416 1523 1464 1553 est
1489 1532 1654 1563 quousque

183 1591 319 1635 predicti
343 1590 482 1623 Orcum
505 1593 537 1623 et
559 1590 616 1623 alii
631 1591 737 1632 ipsum
759 1590 909 1623 heredem
931 1592 1108 1633 rapuerunt
1130 1591 1156 1622 si
1179 1590 1387 1633 maritagium
1410 1590 1588 1632 predictum
1611 1591 1653 1622 ad

183 1660 288 1703 ipsum
305 1659 453 1691 comitem
468 1659 627 1701 pertinere
643 1659 757 1690 debeat
772 1661 829 1691 etc.

227 1727 274 1760 Et
299 1727 441 1769 predicta
466 1726 605 1758 Cacum
629 1727 706 1758 dicit
729 1727 813 1769 quod
837 1729 1048 1759 antecessores
1070 1727 1206 1769 predicti
1228 1726 1364 1759 Tuom
1386 1728 1560 1758 tenuerunt
1582 1737 1652 1768 pre-

182 1796 305 1828 dictum
319 1795 499 1827 manerium
516 1795 555 1827 de
571 1795 819 1828 antecessoribus
840 1796 939 1838 ipsius
963 1796 1112 1827 GEcuiAE
1127 1807 1183 1838 per
1199 1795 1366 1827 servicium
1382 1794 1478 1826 unius
1493 1794 1605 1826 militis
1621 1797 1653 1826 et

183 1865 268 1907 quod
289 1866 499 1896 antecessores
521 1864 620 1906 ipsius
644 1864 792 1896 CECILIAE
814 1865 944 1896 fuerunt
967 1865 1000 1896 in
1024 1864 1141 1896 eeieina
1163 1865 1202 1895 de
1225 1863 1396 1905 maritagio
1419 1865 1652 1895 antecessorum

181 1933 316 1975 predicti
353 1932 490 1964 THOMAE
527 1943 599 1963 cum
637 1932 799 1964 accidebat
837 1936 868 1965 et
899 1936 1006 1975 postea
1038 1933 1076 1965 de
1106 1932 1258 1975 homagio
1288 1934 1321 1964 et
1351 1931 1482 1963 servicio
1516 1930 1652 1973 predicti

182 2001 318 2034 THOMAE
332 2012 389 2043 per
404 2000 656 2043 assignaoionem
672 2001 793 2032 domini
811 2001 911 2043 Regis
934 2001 1052 2033 factam
1068 2002 1171 2044 ipsam
1193 1999 1353 2042 contingit
1368 1999 1402 2031 in
1425 2001 1574 2041 proparte
1597 2009 1654 2030 sua

181 2069 221 2102 de
235 2069 412 2101 hereditate
427 2068 562 2110 predicti
583 2069 683 2110 patris
706 2069 754 2100 sui
778 2080 834 2111 per
856 2069 1026 2112 antiquum
1049 2069 1290 2101 feoffamentum
1314 2068 1360 2100 ita
1383 2067 1469 2110 quod
1492 2066 1652 2109 predictus

180 2137 354 2170 channns
371 2147 473 2168 comes
488 2135 571 2168 nihil
583 2135 696 2168 habuit
711 2137 745 2168 in
762 2137 933 2179 maritagio
945 2137 1088 2179 predicto
1100 2136 1162 2169 nisi
1178 2147 1235 2179 per
1250 2135 1494 2178 oocupacionem
1509 2137 1651 2177 tempore

181 2216 303 2248 gwerre
319 2207 351 2236 et
366 2204 425 2236 hoc
441 2207 554 2246 parata
568 2207 615 2236 est
631 2204 792 2237 verificare
809 2208 866 2237 etc.
