1820 2548
247 187 310 219 856

847 365 1028 399 DOCLVI.

205 448 464 482 MORTGAGE
495 447 561 480 BY
591 447 779 486 HELIAS,
809 447 898 480 SON
933 447 992 479 OF
1021 446 1189 480 PHILIP
1222 446 1532 486 ALEXANDER,
1562 446 1665 480 AND

311 515 553 549 AMABILIA
598 515 679 547 HIS
724 515 862 554 WIFE,
908 514 967 547 OF
1004 514 1137 548 LAND
1183 514 1245 547 AT
1291 514 1528 554 GOYLAKE,
1573 513 1667 547 FOR

314 583 499 616 EIGHTY
522 582 687 623 YEARS,
711 582 915 615 SUBJEGT
938 582 995 615 ΤΟ
1018 583 1052 615 A
1082 582 1210 615 RENT
1240 582 1340 615 DUE
1365 582 1423 614 ΤΟ
1446 582 1666 615 MAURIOE

314 651 509 685 GRAMUS
539 651 640 683 AND
672 650 770 683 THE
801 650 1136 691 HOSPITALARS,
1168 651 1225 683 ΤΟ
1252 650 1459 683 MARGAM
1492 650 1665 684 ABBEY.

743 731 917 774 [MARGAM
941 731 1133 774 CHARTER]
1529 732 1623 764 1283.

247 812 320 845 Hec
356 816 404 845 est
441 812 609 844 conventio
647 813 732 844 facta
769 812 853 844 inter
890 812 1033 844 Hmm
1070 812 1173 844 filium
1203 811 1365 843 Pmmm
1397 811 1605 843 ALEXANDRI
1635 813 1668 844 et

202 880 408 913 Ammmm
430 891 563 913 uxorem
585 880 656 923 ejus
678 891 717 911 ex
739 883 829 922 parte
852 891 918 912 una
941 906 947 911 .
972 883 1004 912 et
1027 879 1174 912 abbatem
1197 882 1229 911 et
1244 882 1436 912 conventum
1451 880 1491 911 de
1513 879 1667 912 MARGAN

204 960 243 981 ex
259 949 359 980 altera
376 974 382 980 .
400 948 547 980 videlieet
563 949 648 990 quod
664 948 769 980 dietus
785 948 928 980 Hans
943 951 974 980 et
996 948 1173 980 Amnum
1190 959 1271 980 uxor
1293 947 1364 990 ejus
1381 974 1387 979 .
1405 959 1489 979 anno
1507 947 1547 979 ab
1565 947 1667 979 incar-

203 1017 333 1049 natione
351 1042 356 1048 .
375 1015 509 1048 Domini
525 1022 570 1047 ³1⁰-
592 1022 646 1048 cc0·
666 1017 859 1059 octogesimo
871 1016 965 1048 tertio
983 1042 989 1048 .
1007 1019 1070 1048 ‘tres
1085 1027 1172 1048 aeras
1187 1018 1270 1048 terre
1286 1015 1415 1047 arabilis
1430 1015 1666 1057 impignorave-

201 1088 278 1117 runt
302 1085 432 1117 domino
455 1084 564 1117 abbati
587 1088 619 1116 et
641 1084 813 1116 conventui
835 1085 875 1116 de
905 1084 1059 1116 MARGAN
1084 1110 1089 1115 .
1116 1095 1214 1125 usque
1238 1084 1279 1115 ad
1309 1083 1483 1115 terminum
1505 1083 1669 1125 octoginta

202 1164 360 1185 annorum
382 1153 527 1195 proximo
551 1152 755 1194 sequenoium
777 1163 834 1194 pro
858 1152 1024 1194 sexaginta
1047 1151 1155 1183 solidis
1177 1151 1333 1183 bonorum
1357 1154 1388 1183 et
1410 1151 1566 1193 legalium
1588 1153 1666 1183 ster-

203 1221 366 1263 lingorum
382 1232 460 1262 quos
476 1231 495 1252 a
510 1220 640 1252 domino
655 1219 770 1252 abbate
786 1222 819 1251 et
833 1223 994 1252 conventu
1009 1221 1048 1251 de
1064 1220 1217 1252 MARGAN
1234 1220 1275 1251 ad
1287 1219 1546 1262 urgentissimam
1559 1229 1668 1252 eorum

205 1288 423 1321 necessitatem
454 1291 643 1331 aeceperunt
674 1314 680 1319 .
714 1299 849 1330 quarum
880 1289 942 1319 due
973 1288 1068 1320 simul
1097 1287 1206 1330 jacent
1235 1288 1319 1319 inber
1349 1290 1468 1319 terram
1497 1287 1668 1319 MAmucn

206 1356 350 1389 &ninus
366 1368 405 1388 ex
421 1359 511 1398 parte
527 1356 675 1388 orientali
690 1356 724 1387 in
740 1356 912 1388 latitudine
935 1359 967 1387 et
989 1359 1106 1387 terram
1125 1355 1353 1387 monachorum
1377 1356 1416 1386 de
1439 1355 1594 1387 MARGAN
1611 1380 1618 1387 .
1635 1357 1669 1387 et

204 1424 238 1456 in
260 1424 466 1466 longitudine
489 1435 521 1456 se
544 1424 723 1456 extendunt
746 1435 765 1455 a
788 1424 952 1456 GorLAKE
975 1435 1076 1466 usque
1099 1424 1140 1455 ad
1163 1423 1248 1455 viam
1270 1423 1411 1466 regalem
1433 1434 1495 1465 que
1517 1422 1606 1454 ducit
1628 1423 1668 1454 de

206 1491 375 1524 KENEFEG
392 1493 433 1523 ad
448 1503 570 1524 moram
586 1503 786 1524 communem
804 1518 810 1523 .
828 1492 926 1524 tercia
946 1503 1020 1524 vero
1035 1503 1107 1524 acra
1122 1495 1169 1524 est
1192 1503 1289 1534 quam
1310 1494 1422 1523 tenent
1444 1492 1484 1523 de
1500 1491 1668 1523 Hosrrm-

207 1571 318 1592 mnus
335 1586 341 1591 .
359 1572 420 1602 que
435 1560 519 1602 jacet
536 1560 570 1591 in
585 1560 757 1592 latitudine
772 1560 856 1592 inter
871 1563 989 1592 terram
1000 1560 1022 1593 J
1024 1571 1174 1592 onANNxs
1190 1560 1285 1592 Lon-E
1301 1560 1335 1592 in
1347 1559 1494 1591 orientali
1506 1561 1596 1601 purte
1613 1584 1619 1590 .
1636 1561 1670 1592 et

206 1631 323 1660 terram
346 1628 560 1670 predictorum
583 1628 811 1660 monaohorum
834 1628 868 1660 in
891 1632 982 1670 parte
1005 1628 1191 1661 occidentali
1216 1653 1222 1659 .
1247 1631 1278 1659 et
1302 1639 1334 1659 se
1349 1628 1494 1659 extendit
1514 1627 1548 1659 in
1563 1627 1667 1670 longi-

207 1696 319 1728 tudine
332 1696 366 1727 in
379 1695 431 1727 via
443 1696 543 1738 regali
559 1707 620 1737 que
632 1696 721 1728 ducit
732 1707 840 1728 versus
852 1695 998 1728 KERDYP
1010 1708 1109 1738 usque
1121 1697 1162 1728 ad
1178 1696 1262 1728 viam
1275 1707 1336 1738 que
1351 1696 1440 1728 ducit
1455 1707 1474 1727 a
1490 1695 1668 1728 LIPTHETE

207 1776 314 1797 versus
330 1764 500 1797 conum.
546 1764 724 1797 Habendas
740 1768 771 1796 et
787 1765 940 1797 tenendas
955 1764 1052 1796 libere
1068 1767 1100 1795 et
1116 1764 1221 1806 quiete
1233 1763 1313 1796 bene
1326 1767 1358 1795 et
1373 1764 1500 1806 pacifice
1512 1774 1611 1805 usque
1626 1763 1668 1795 ad

209 1832 382 1864 terminum
407 1833 674 1874 prenominatum.
732 1832 910 1864 Reddendo
939 1832 1014 1864 inde
1044 1832 1212 1864 annuatim
1242 1831 1418 1864 MAcmcxo
1449 1831 1592 1863 GRAMns
1618 1831 1669 1864 vel

209 1899 377 1932 heredibus
402 1899 466 1932 suis
492 1901 572 1932 duos
599 1901 745 1932 denarios
768 1911 825 1942 pro
848 1900 997 1942 predictis
1019 1899 1143 1932 duabus
1165 1899 1245 1931 aeris
1274 1911 1336 1941 que
1366 1899 1461 1931 simul
1490 1899 1599 1942 jaoent
1627 1899 1669 1931 ad

209 1968 327 2000 festum
357 1967 467 2000 Sancti
492 1967 687 2000 Mmfflms
713 1968 897 2011 archangeli
922 1994 928 2000 .
953 1971 985 2000 et
1004 1968 1171 2000 denarium
1193 1970 1225 2000 et
1248 1967 1376 2000 obolum
1398 1979 1455 2010 pro
1477 1967 1575 1999 tercia.
1596 1977 1669 1999 acra

211 2035 474 2067 Hosrlumrzus
490 2036 649 2068 dominica
664 2036 768 2079 prima
783 2036 817 2068 in
833 2036 1077 2079 quadragesima
1100 2036 1255 2078 quamdiu
1277 2035 1395 2067 dietam
1418 2038 1535 2067 terram
1557 2037 1667 2067 tenue-

208 2106 273 2135 rint
299 2129 305 2135 .
332 2115 388 2146 pro
416 2104 503 2136 omni
522 2104 652 2136 servicio
679 2105 843 2137 exactione
864 2107 897 2136 et
920 2104 1053 2136 seculari
1078 2104 1246 2136 demanda.
1292 2103 1370 2135 Post
1395 2103 1569 2135 terminum
1595 2114 1668 2136 vero

208 2171 371 2214 octoginta
386 2182 544 2204 annorum
558 2172 585 2204 si
599 2172 704 2205 dict-us
719 2172 861 2204 Hans
878 2198 884 2204 .
902 2172 953 2204 vel
968 2172 1146 2204 AiuAmLu
1163 2182 1244 2203 uxor
1265 2171 1336 2213 ejus
1353 2197 1359 2203 .
1377 2171 1427 2203 vel
1450 2170 1564 2212 aliquis
1578 2170 1668 2203 here-

208 2239 286 2271 dum
301 2239 441 2281 ipsorum
457 2240 599 2282 predicto
615 2240 724 2273 abbati
739 2243 770 2272 et
792 2240 963 2272 conventui
978 2240 1017 2272 de
1032 2239 1185 2271 MARGAN
1202 2239 1242 2270 de
1264 2238 1350 2271 dieta
1371 2238 1506 2281 pecunia
1527 2238 1669 2281 plenarie
