1820 2548
231 171 293 203 862

191 326 347 359 WALLIAE
362 327 395 358 vi
410 328 441 358 et
456 325 552 358 armis
567 326 743 367 rapuerunt
757 326 787 356 et
809 323 1012 355 abduxerunt
1027 325 1136 355 contra
1154 323 1351 355 voluntatem
1367 322 1466 365 ipsius
1478 322 1601 354 comitis
1614 325 1647 355 et

192 399 302 428 contra
317 395 544 438 protectionem
568 393 669 436 Regis
690 393 866 435 predictam
889 394 922 424 et
943 394 1052 424 contra
1067 403 1177 434 pacem
1197 394 1255 424 ete.
1301 391 1348 424 Et
1370 392 1455 434 quod
1477 391 1647 424 vicecomes

194 463 390 497 Sonnnsm
406 465 567 504 assumpto
583 473 688 494 secum
705 463 887 493 coronatore
902 460 1070 492 comitatus
1084 460 1133 491 sui
1148 462 1180 492 et
1195 460 1302 502 aliquo
1322 460 1423 491 milite
1439 459 1527 491 fideli
1548 459 1649 502 Regis

193 533 232 564 de
248 532 388 574 predicto
404 531 556 563 comitatu
579 530 612 561 in
635 529 763 572 propria
780 539 914 570 persona
928 539 985 560 sua
999 529 1127 560 accedat
1142 539 1240 570 usque
1252 527 1418 560 BRvaN
1431 530 1462 560 et
1478 527 1651 570 diligenter

195 600 335 643 inquirat
360 599 416 631 ubi
437 599 528 630 heres
554 598 608 630 ifle
635 601 715 629 esset
738 597 773 629 in
795 597 915 628 ballivo.
936 608 993 628 sua
1015 600 1046 628 et
1068 596 1174 638 ipsum
1196 595 1377 638 ubicunque
1398 596 1549 628 inventus
1571 598 1652 628 esset

197 669 300 711 capiat
320 671 351 700 et
373 668 460 700 salvo
483 670 515 699 et
539 678 644 699 secure
660 665 815 697 custodiat
838 665 885 697 ita
907 666 991 707 quod
1014 676 1086 696 eum
1108 664 1238 697 haberet
1259 664 1311 696 hic
1333 665 1373 696 ad
1395 664 1481 696 hunc
1503 664 1589 696 diem
1611 665 1653 696 ad

195 737 395 769 reddendum
421 736 471 767 cui
498 735 548 767 vel
575 734 691 777 quibus
716 734 930 776 predictorum
956 733 1079 765 comitis
1109 736 1141 764 et
1163 733 1310 765 CECILIAE
1333 732 1440 764 Pmm
1464 735 1496 765 et
1517 733 1652 765 afiorum

195 805 285 838 reddi
301 804 414 837 debeat
436 806 468 836 et
491 804 576 835 unde
595 803 681 834 idem
707 813 809 834 comes
832 802 976 844 queritur
997 802 1082 844 quod
1104 813 1176 833 cum
1199 802 1337 843 quadam
1359 801 1563 845 Its-[Annuus]
1581 813 1653 844 quae

195 874 259 906 fuit
281 884 361 905 uxor
383 872 405 904 J
407 883 556 904 OHANNIS
577 872 616 903 de
646 870 806 902 Hmwssv
832 873 933 902 mater
956 870 1089 912 predicti
1114 869 1249 901 THOMAE
1272 869 1407 901 misisset
1434 872 1465 901 et
1490 869 1654 902 liberasset

195 941 375 985 predictum
390 940 544 972 THOMAM
561 940 709 972 heredem
725 939 859 981 predicti
881 938 902 970 J
904 949 1053 970 onAxms
1068 938 1154 980 apud
1170 937 1352 970 Prioratum
1368 938 1408 970 de
1423 937 1589 969 anmon
1612 939 1654 970 ad

195 1021 274 1052 opus
304 1009 438 1051 predicti
469 1008 592 1040 comitis
629 1007 715 1040 salvo
746 1006 988 1039 custodiendum
1021 1006 1155 1048 predicti
1189 1005 1328 1037 GECILIA
1367 1005 1502 1037 Pmnns
1537 1008 1570 1037 et
1598 1005 1655 1038 alii

195 1078 374 1120 predictum
388 1077 537 1108 heredem
553 1076 639 1117 apud
654 1075 833 1117 predictum
849 1074 1030 1106 Prioretum
1052 1074 1221 1105 inventum
1243 1074 1294 1105 die
1317 1074 1394 1105 lune
1415 1073 1562 1115 proxima
1582 1076 1655 1116 post

195 1145 313 1178 festum
336 1144 445 1177 Sancti
468 1143 662 1175 Mmmssms
684 1142 744 1174 hoc
767 1154 851 1174 anno
874 1144 1024 1184 ceperunt
1046 1144 1078 1173 et
1100 1141 1311 1173 abduxerunt.
1357 1141 1457 1173 Unde
1477 1141 1655 1183 dicitquod

196 1212 404 1244 deterioratus
420 1214 466 1243 est
481 1213 514 1243 et
529 1211 706 1252 dampnum
721 1210 817 1242 habet
833 1210 873 1242 ad
888 1209 1063 1241 valenciam
1078 1209 1166 1240 mille
1182 1209 1336 1242 librarum
1357 1213 1389 1241 et
1411 1209 1486 1241 iude
1508 1210 1656 1252 producit

198 1283 314 1313 sectam
329 1283 388 1312 etc.

239 1349 285 1381 Et
299 1348 433 1391 predicti
450 1347 589 1380 cmm
605 1347 740 1380 Pmnus
755 1350 787 1379 et
803 1347 859 1379 alii
874 1347 1007 1379 veniunt
1022 1349 1053 1378 et
1069 1346 1247 1378 defendunt
1265 1346 1331 1377 vim
1346 1348 1379 1378 et
1392 1345 1544 1387 injuriam
1560 1357 1657 1388 quam

197 1420 255 1451 etc.
317 1417 361 1448 Et
398 1416 533 1459 predicti
579 1415 759 1448 Ronmvrns
787 1416 826 1447 de
856 1414 1106 1447 BELLo-CAMPO
1143 1414 1277 1445 Pmnns
1307 1417 1338 1445 et
1369 1413 1582 1446 WILLELMUS
1618 1415 1659 1446 de

199 1485 425 1517 GODMANSTON
441 1484 521 1516 bene
537 1483 716 1516 defendunt
731 1484 817 1525 quod
832 1494 998 1524 nunquam
1018 1482 1196 1524 predictum
1218 1481 1367 1513 heredem
1386 1482 1471 1524 apud
1490 1481 1658 1514 anwron

199 1554 367 1586 inventum
388 1557 563 1595 rapuerunt
586 1563 643 1583 nec
666 1551 869 1583 abduxerunt
891 1562 948 1582 nec
971 1550 1111 1592 aliquam
1134 1550 1229 1581 aliam
1252 1550 1533 1591 transgressionem
1556 1550 1660 1582 eidem

201 1621 306 1654 comiti
331 1622 475 1654 fecerunt
490 1623 523 1653 et
539 1621 578 1652 de
593 1620 652 1652 hoc
666 1622 791 1662 ponunt
807 1630 839 1650 se
855 1630 949 1660 super
963 1618 1110 1660 patriam.
1156 1617 1201 1649 Et
1220 1617 1361 1659 predicta
1384 1617 1525 1649 OEC1L1A
1547 1629 1605 1660 pro
1628 1629 1661 1650 se

202 1694 233 1723 et
258 1691 418 1723 Rommo
447 1690 487 1721 de
517 1689 699 1721 DRAYCOTE
724 1690 755 1719 et
779 1686 972 1718 WxLLELMo
997 1686 1139 1718 Cnuxm
1162 1685 1241 1718 dicit
1262 1686 1347 1727 quod
1372 1685 1440 1728 ipsa
1465 1697 1530 1718 non
1554 1685 1662 1729 rapuit

203 1759 381 1801 predictum
407 1757 556 1789 heredem
579 1759 689 1788 contra
711 1766 821 1798 pacem
843 1755 965 1786 domini
989 1755 1089 1797 Regis
1111 1765 1168 1786 nec
1190 1755 1225 1786 in
1248 1754 1362 1786 seisina
1384 1754 1517 1796 predicti
1540 1755 1664 1787 comitis

205 1827 279 1869 quia
295 1826 371 1858 dicit
395 1826 480 1868 quod
502 1825 664 1867 predictus
677 1823 700 1856 J
702 1834 860 1855 OHANNES
882 1823 922 1854 de
945 1822 1107 1854 Hfflwm
1129 1825 1220 1864 pater
1241 1822 1375 1864 predicti
1396 1821 1522 1854 heredis
1543 1822 1607 1854 fuit
1628 1822 1663 1854 in

207 1894 349 1927 custodia
364 1893 530 1936 cujusdam
546 1893 568 1925 J
570 1903 720 1925 onANms
735 1893 775 1924 de
791 1890 1041 1924 Euro-cmm
1057 1891 1218 1932 quondam
1230 1889 1290 1921 viri
1302 1889 1351 1921 sui
1363 1891 1395 1921 et
1405 1889 1504 1932 ipsius
1517 1888 1665 1922 Onerum

208 1975 264 2005 per
287 1963 428 2005 quinque
444 1973 544 1993 annos
557 1963 700 2002 tempore
717 1960 817 2003 Regis
831 1971 917 1991 nunc
931 1959 1072 2001 predicto
1089 1958 1262 1991 GILBERTO
1278 1957 1391 1990 comite
1407 1958 1447 1989 de
1461 1957 1555 1999 plena
1570 1959 1665 1990 aetate

209 2031 365 2063 existente
380 2033 411 2061 et
427 2029 509 2061 nihil
523 2029 715 2061 reclamante
731 2030 763 2060 et
777 2039 834 2069 per
848 2028 932 2069 ipsos
947 2027 1010 2058 fuit
1028 2027 1198 2058 maritatus
1213 2029 1245 2058 et
1259 2025 1338 2057 obiit
1352 2025 1387 2057 in
1402 2025 1552 2067 homagio
1566 2025 1666 2067 ipsius

209 2099 357 2131 Caeam
371 2101 404 2130 et
418 2097 579 2139 predictus
592 2097 684 2128 heres
697 2098 838 2138 tempore
857 2106 919 2137 quo
941 2095 1101 2137 predictus
1118 2094 1141 2126 J
1142 2105 1300 2126 ORANNES
1314 2096 1405 2136 pater
1419 2104 1494 2125 suus
1509 2092 1588 2125 obiit
1602 2092 1666 2125 fuit

210 2167 388 2199 nasciturus
402 2166 488 2197 unde
504 2176 575 2196 cum
589 2165 658 2207 ipsa
673 2164 811 2197 Oneum
827 2163 1020 2206 percipiebat
1034 2163 1140 2205 ipsum
1154 2162 1241 2194 nasei
1261 2161 1397 2203 quesivit
1419 2172 1492 2193 eum
1514 2161 1560 2193 ita
1581 2161 1667 2203 quod

211 2235 335 2267 invenit
356 2234 461 2276 ipsum
483 2233 632 2265 heredem
655 2244 727 2264 cum
749 2232 926 2264 nutricibus
948 2232 1012 2263 suis
1034 2234 1125 2263 extra
1142 2230 1319 2273 predictum
1335 2229 1516 2261 Prioratum
1532 2231 1564 2261 et
1579 2231 1670 2261 extra
