1820 2548
214 226 298 257 1096

799 363 1004 397 DCCCCVI.

282 446 609 483 INQUISITIONS
656 445 767 478 POST
812 444 1014 477 MORTEM
1057 444 1115 477 OF
1167 444 1295 477 JOHN
1341 444 1517 477 IWAYN.

349 529 486 571 [RRO.
504 529 693 562 Inomsmm
709 538 753 558 AD
770 537 857 561 QUOD
874 537 1033 565 DAMNUM,
1052 527 1091 558 15
1108 526 1203 558 Enw.
1221 525 1281 565 IL,
1299 525 1361 558 No.
1379 525 1449 568 90.]

937 607 979 638 27
996 606 1090 646 Fun„
1108 617 1175 638 ETC.
1224 607 1263 637 15
1280 606 1376 637 EDw.
1394 605 1442 638 ΙΙ.
1490 606 1584 638 1322.

887 674 907 707 Ι

214 741 410 773 Enii-Annus
433 739 497 771 Dei
520 739 626 781 gratia
650 738 722 770 Rex
748 737 887 769 ANGLIE
908 737 1056 769 dominus
1079 737 1260 768 Hmmmm
1281 739 1313 768 et
1337 737 1405 768 dux
1431 737 1629 770 Aonmmn

169 810 285 842 dilecto
300 809 360 840 sibi
376 808 530 840 RmARDo
546 807 714 845 Waormz,
731 806 854 838 custodi
868 808 952 837 terre
963 806 1003 837 de
1016 805 1144 837 Gowmt
1156 805 1190 836 in
1203 816 1302 837 manu
1314 807 1422 837 nostra
1437 804 1629 847 quibusdam

169 879 208 910 de
224 878 325 910 causis
340 876 516 914 existentis,
533 875 678 907 salutem.

212 945 412 988 Supplieavit
427 943 518 976 nobis
534 943 657 975 Amcm
675 943 741 974 filia
753 942 940 974 Wumzmn
958 941 1113 973 Roxumr’
1129 941 1276 984 junioris,
1293 944 1330 973 ut
1345 953 1419 973 eum
1444 941 1628 974 turbaeione

167 1025 269 1056 nuper
295 1013 329 1045 in
352 1012 494 1055 predicta
510 1016 595 1043 terra
610 1014 707 1049 mota,
724 1010 746 1043 J
748 1021 906 1042 OHANNES
921 1011 960 1042 de
977 1009 1148 1041 Monnmy
1165 1013 1195 1042 et
1213 1009 1273 1042 sibi
1290 1009 1488 1050 adherentes,
1505 1010 1578 1042 odio
1598 1012 1631 1042 et

167 1082 293 1114 malicia
323 1081 515 1124 excogitata,
547 1080 569 1112 J
571 1090 740 1112 OHANNEM
771 1079 892 1111 Iwnx
919 1078 1191 1121 consanguineum
1218 1078 1359 1120 predicte
1385 1078 1508 1110 Ancus
1535 1078 1628 1121 eujus

168 1151 258 1183 heres
273 1151 342 1193 ipsa
357 1152 413 1189 est,
430 1150 462 1181 vi
478 1152 509 1181 et
525 1149 621 1181 armis
637 1148 791 1190 cepissent
807 1151 838 1180 et
854 1148 1057 1190 postmodum
1073 1147 1315 1186 interfecissent,
1339 1150 1372 1179 et
1397 1150 1469 1189 post
1492 1153 1628 1179 mortem

169 1230 259 1252 suam
275 1219 398 1250 diversa
414 1220 513 1250 terras
529 1220 559 1249 et
577 1219 759 1249 tenementa
774 1217 813 1248 de
836 1215 951 1258 quibus
969 1216 1054 1247 idem
1075 1215 1097 1248 J
1099 1226 1256 1247 OHANNES
1279 1216 1394 1247 Iwnn
1418 1216 1482 1247 fuit
1504 1216 1631 1248 seisitus

172 1287 239 1330 [in]
265 1286 423 1318 dominico
445 1297 501 1317 suo
519 1289 556 1316 ut
581 1285 620 1317 de
643 1285 747 1323 feodo,
773 1285 824 1316 die
849 1295 911 1326 quo
936 1283 1015 1316 obiit
1042 1287 1074 1316 et
1100 1295 1161 1326 que
1187 1284 1229 1315 ad
1252 1284 1354 1326 ipsam
1379 1284 1530 1316 Ancum
1556 1283 1630 1326 jure

167 1355 360 1388 hereditario
376 1354 537 1396 pertinent
554 1353 688 1396 ingressi
708 1353 853 1391 fuissent,
870 1358 902 1384 et
914 1364 951 1384 ea
969 1353 1026 1384 diu
1048 1352 1170 1394 injuste
1192 1356 1405 1394 occupassent,
1422 1364 1483 1394 que
1498 1353 1629 1395 quidem

170 1427 252 1456 terre
275 1426 306 1454 et
329 1425 513 1454 tenementa
536 1421 569 1453 in
594 1432 725 1452 manum
757 1424 898 1453 nostram
922 1420 1113 1462 quibusdam
1143 1421 1183 1452 de
1204 1421 1306 1453 causis
1334 1421 1403 1463 jam
1429 1422 1504 1453 sunt
1525 1423 1628 1463 capta,

170 1491 305 1523 velimus
320 1491 423 1522 eidem
439 1489 561 1521 Auem
587 1490 673 1531 quod
692 1489 817 1531 justum
843 1488 942 1520 fuerit
966 1488 1035 1520 fieri
1058 1489 1092 1520 'm
1117 1488 1175 1519 hae
1199 1491 1299 1530 parte,
1325 1488 1414 1520 vobis
1438 1489 1628 1521 mandamus

171 1560 266 1602 quod,
280 1564 337 1590 etc.

215 1627 309 1660 'Peste
338 1638 388 1658 me
418 1627 485 1668 ipso
516 1627 602 1668 apud
630 1625 857 1658 WARREWYK.
887 1636 997 1657 xxvm.
1025 1626 1077 1658 die
1102 1625 1269 1658 Februarii
1300 1638 1385 1658 anno
1411 1627 1504 1669 regni
1530 1626 1631 1659 nostri

174 1697 287 1738 quinto
311 1695 443 1727 decimo.
493 1694 624 1737 [1322]
1253 1738 1316 1770 Per
1330 1738 1436 1780 ipsum
1452 1739 1586 1781 Regem,

218 1807 392 1849 Inquisitio
408 1809 499 1849 capta
516 1807 603 1848 apud
619 1805 877 1838 SWEYNESEYAM
901 1806 952 1838 die
977 1807 1123 1838 SABBATI
1151 1807 1184 1838 in
1205 1807 1383 1849 septimana
1405 1807 1527 1839 Pascha
1547 1818 1631 1839 anno

174 1876 267 1918 regni
306 1875 406 1917 Regis
443 1875 613 1906 EDWARm
656 1874 714 1906 filii
747 1873 848 1916 Regis
877 1874 1047 1906 EDWARm
1074 1875 1310 1916 quintodecimo
1341 1887 1446 1907 eoram
1476 1875 1630 1907 RICARDO

177 1943 335 1976 Wnomss
352 1943 481 1974 custode
497 1945 579 1974 terre
595 1943 634 1974 de
652 1942 799 1975 Gounssn
823 1945 855 1974 et
879 1943 1007 1974 domino
1032 1943 1190 1975 Rossmwo
1214 1944 1254 1975 de
1280 1943 1417 1975 PENRES
1442 1943 1545 1975 milite
1572 1942 1632 1975 sibi

177 2024 233 2054 per
247 2011 342 2044 breve
358 2011 480 2043 domini
497 2011 596 2053 Regis
612 2012 763 2043 associato
779 2012 820 2043 ad
835 2012 1062 2053 inquirendum
1078 2013 1117 2044 de
1133 2012 1249 2054 quibus
1271 2013 1362 2044 terris
1386 2017 1418 2044 et
1442 2012 1632 2045 tenementis

178 2080 200 2112 J
203 2090 361 2112 OHANNES
383 2079 501 2111 IWAYN
518 2079 597 2111 obiit
612 2080 737 2112 seisitus
752 2080 786 2112 in
802 2080 960 2112 dominico
977 2091 1032 2112 suo
1048 2083 1115 2113 tam
1130 2081 1164 2112 in
1180 2081 1273 2113 feodo
1288 2081 1322 2113 in
1337 2084 1421 2113 terra
1432 2081 1472 2113 de
1484 2080 1631 2113 GOUHER

175 2160 272 2191 quam
287 2148 349 2180 alio
365 2148 469 2187 modo,
485 2151 517 2179 et
533 2159 596 2190 qua
611 2159 703 2180 causa
719 2148 741 2181 J
743 2159 900 2180 OHANNES
915 2149 954 2180 de
966 2148 1163 2180 MOUNBRAY
1179 2152 1210 2181 et
1235 2149 1306 2191 ejus
1325 2149 1513 2181 adherentes
1531 2151 1630 2181 terras

174 2221 205 2249 et
221 2218 404 2249 tenementa
421 2216 561 2258 predicta
576 2219 646 2258 post
662 2219 797 2248 mortem
812 2217 946 2259 predicti
962 2217 984 2250 J
986 2228 1135 2250 onANNrs
1158 2217 1279 2250 IWAYN
1301 2217 1436 2260 ingressi
1451 2217 1583 2249 fuerunt
1598 2218 1630 2249 et

173 2296 230 2327 per
254 2286 412 2326 quantum
438 2287 565 2327 tempus
591 2296 629 2316 ea
659 2288 835 2327 ocuparunt
865 2288 898 2318 et
928 2286 1065 2328 qualiter
1090 2286 1124 2318 in
1150 2297 1249 2318 manu
1273 2286 1394 2318 domini
1421 2285 1523 2328 Regis
1546 2296 1631 2318 nuno
