<?xml version="1.0" encoding="UTF-8"?>
<!DOCTYPE html PUBLIC "-//W3C//DTD XHTML 1.0 Transitional//EN"
    "http://www.w3.org/TR/xhtml1/DTD/xhtml1-transitional.dtd">
<html xmlns="http://www.w3.org/1999/xhtml" xml:lang="en" lang="en">
 <head>
  <title>
</title>
<meta http-equiv="Content-Type" content="text/html;charset=utf-8" />
  <meta name='ocr-system' content='tesseract 3.04.00' />
  <meta name='ocr-capabilities' content='ocr_page ocr_carea ocr_par ocr_line ocrx_word'/>
</head>
<body>
  <div class='ocr_page' id='page_1' title='image "./cartaeetaliamuni03claruoft_0064.png"; bbox 0 0 1820 2548; ppageno 0'>
   <div class='ocr_carea' id='block_1_1' title="bbox 199 167 261 199">
    <p class='ocr_par' dir='ltr' id='par_1_1' title="bbox 199 167 261 199">
     <span class='ocr_line' id='line_1_1' title="bbox 199 167 261 199; baseline 0 0"><span class='ocrx_word' id='word_1_1' title='bbox 199 167 261 199; x_wconf 83' lang='lat'>766</span> 
     </span>
    </p>
   </div>
   <div class='ocr_carea' id='block_1_2' title="bbox 147 323 1613 2209">
    <p class='ocr_par' dir='ltr' id='par_1_2' title="bbox 147 323 1613 2209">
     <span class='ocr_line' id='line_1_2' title="bbox 153 323 1611 366; baseline 0.001 -11"><span class='ocrx_word' id='word_1_2' title='bbox 153 324 193 354; x_wconf 88' lang='lat' dir='ltr'>de</span> <span class='ocrx_word' id='word_1_3' title='bbox 215 323 332 355; x_wconf 81' lang='lat' dir='ltr'>Sancto</span> <span class='ocrx_word' id='word_1_4' title='bbox 352 323 499 356; x_wconf 67' lang='lat' dir='ltr'>AssAPu’</span> <span class='ocrx_word' id='word_1_5' title='bbox 516 324 648 356; x_wconf 88' lang='lat' dir='ltr'>sollicite</span> <span class='ocrx_word' id='word_1_6' title='bbox 670 323 762 356; x_wconf 91' lang='lat' dir='ltr'>nobis</span> <span class='ocrx_word' id='word_1_7' title='bbox 784 324 930 366; x_wconf 78' lang='lat' dir='ltr'><strong>exposuit</strong></span> <span class='ocrx_word' id='word_1_8' title='bbox 952 324 1080 356; x_wconf 88' lang='lat' dir='ltr'>nomine</span> <span class='ocrx_word' id='word_1_9' title='bbox 1102 326 1206 356; x_wconf 81' lang='lat' dir='ltr'>vestro</span> <span class='ocrx_word' id='word_1_10' title='bbox 1228 324 1353 366; x_wconf 89' lang='lat' dir='ltr'>plenius</span> <span class='ocrx_word' id='word_1_11' title='bbox 1376 325 1556 357; x_wconf 86' lang='lat' dir='ltr'>audivimus</span> <span class='ocrx_word' id='word_1_12' title='bbox 1578 328 1611 358; x_wconf 86' lang='lat' dir='ltr'>et</span> 
     </span>
     <span class='ocr_line' id='line_1_3' title="bbox 153 391 1612 434; baseline 0.001 -11"><span class='ocrx_word' id='word_1_13' title='bbox 153 391 370 423; x_wconf 75' lang='lat' dir='ltr'>intelleximus</span> <span class='ocrx_word' id='word_1_14' title='bbox 394 392 567 434; x_wconf 79' lang='lat' dir='ltr'>diligenter</span> <span class='ocrx_word' id='word_1_15' title='bbox 593 396 625 423; x_wconf 90' lang='lat' dir='ltr'>et</span> <span class='ocrx_word' id='word_1_16' title='bbox 652 403 747 434; x_wconf 85' lang='lat' dir='ltr'>super</span> <span class='ocrx_word' id='word_1_17' title='bbox 776 392 838 423; x_wconf 85' lang='lat' dir='ltr'>hiis</span> <span class='ocrx_word' id='word_1_18' title='bbox 867 403 939 423; x_wconf 89' lang='lat' dir='ltr'>cum</span> <span class='ocrx_word' id='word_1_19' title='bbox 966 392 1036 423; x_wconf 80' lang='lat' dir='ltr'>aliis</span> <span class='ocrx_word' id='word_1_20' title='bbox 1062 392 1192 434; x_wconf 82' lang='lat' dir='ltr'>prelatis</span> <span class='ocrx_word' id='word_1_21' title='bbox 1217 395 1249 424; x_wconf 87' lang='lat' dir='ltr'>et</span> <span class='ocrx_word' id='word_1_22' title='bbox 1280 393 1466 425; x_wconf 82' lang='lat' dir='ltr'>consiliariis</span> <span class='ocrx_word' id='word_1_23' title='bbox 1495 393 1612 425; x_wconf 83' lang='lat' dir='ltr'>nostris</span> 
     </span>
     <span class='ocr_line' id='line_1_4' title="bbox 154 460 1612 502; baseline 0.001 -11"><span class='ocrx_word' id='word_1_24' title='bbox 154 463 325 492; x_wconf 59' lang='lat' dir='ltr'>nectat-um</span> <span class='ocrx_word' id='word_1_25' title='bbox 350 466 380 491; x_wconf 90' lang='lat' dir='ltr'>et</span> <span class='ocrx_word' id='word_1_26' title='bbox 407 460 600 501; x_wconf 75' lang='lat' dir='ltr'>colloquium</span> <span class='ocrx_word' id='word_1_27' title='bbox 627 460 797 492; x_wconf 77' lang='lat' dir='ltr'>habuimus</span> <span class='ocrx_word' id='word_1_28' title='bbox 823 460 1016 502; x_wconf 80' lang='lat' dir='ltr'>exquisitum</span> <span class='ocrx_word' id='word_1_29' title='bbox 1045 460 1120 492; x_wconf 84' lang='lat' dir='ltr'>satis</span> <span class='ocrx_word' id='word_1_30' title='bbox 1150 464 1257 492; x_wconf 82' lang='lat' dir='ltr'>autem</span> <span class='ocrx_word' id='word_1_31' title='bbox 1284 461 1451 492; x_wconf 83' lang='lat' dir='ltr'>attenditis</span> <span class='ocrx_word' id='word_1_32' title='bbox 1475 461 1612 502; x_wconf 85' lang='lat' dir='ltr'>qualiter</span> 
     </span>
     <span class='ocr_line' id='line_1_5' title="bbox 153 527 1611 570; baseline 0.001 -11"><span class='ocrx_word' id='word_1_33' title='bbox 153 538 247 570; x_wconf 82' lang='lat' dir='ltr'>super</span> <span class='ocrx_word' id='word_1_34' title='bbox 273 527 452 560; x_wconf 84' lang='lat' dir='ltr'>exhibenda</span> <span class='ocrx_word' id='word_1_35' title='bbox 479 527 567 560; x_wconf 84' lang='lat' dir='ltr'>vobis</span> <span class='ocrx_word' id='word_1_36' title='bbox 593 528 627 559; x_wconf 88' lang='lat' dir='ltr'>in</span> <span class='ocrx_word' id='word_1_37' title='bbox 654 528 712 559; x_wconf 85' lang='lat' dir='ltr'>hac</span> <span class='ocrx_word' id='word_1_38' title='bbox 738 530 828 570; x_wconf 80' lang='lat' dir='ltr'>parte</span> <span class='ocrx_word' id='word_1_39' title='bbox 851 527 980 570; x_wconf 83' lang='lat' dir='ltr'>justicia</span> <span class='ocrx_word' id='word_1_40' title='bbox 1006 528 1132 560; x_wconf 70' lang='lat' dir='ltr'>firmum</span> <span class='ocrx_word' id='word_1_41' title='bbox 1157 531 1189 560; x_wconf 88' lang='lat' dir='ltr'>et</span> <span class='ocrx_word' id='word_1_42' title='bbox 1211 528 1389 560; x_wconf 80' lang='lat' dir='ltr'><strong>ferventem</strong></span> <span class='ocrx_word' id='word_1_43' title='bbox 1412 528 1611 560; x_wconf 78' lang='lat' dir='ltr'>voluntatem</span> 
     </span>
     <span class='ocr_line' id='line_1_6' title="bbox 152 595 1611 639; baseline 0.001 -12"><span class='ocrx_word' id='word_1_44' title='bbox 152 595 303 628; x_wconf 80' lang='lat' dir='ltr'><strong>habentes</strong></span> <span class='ocrx_word' id='word_1_45' title='bbox 332 597 469 638; x_wconf 85' lang='lat' dir='ltr'>majores</span> <span class='ocrx_word' id='word_1_46' title='bbox 505 597 545 628; x_wconf 90' lang='lat' dir='ltr'>de</span> <span class='ocrx_word' id='word_1_47' title='bbox 576 607 675 639; x_wconf 86' lang='lat' dir='ltr'>regno</span> <span class='ocrx_word' id='word_1_48' title='bbox 712 600 819 628; x_wconf 68' lang='lat' dir='ltr'>nostro</span> <span class='ocrx_word' id='word_1_49' title='bbox 849 597 890 628; x_wconf 82' lang='lat' dir='ltr'>ad</span> <span class='ocrx_word' id='word_1_50' title='bbox 929 597 1046 628; x_wconf 84' lang='lat' dir='ltr'>vadum</span> <span class='ocrx_word' id='word_1_51' title='bbox 1081 596 1214 628; x_wconf 63' lang='lat' dir='ltr'>Moxms</span> <span class='ocrx_word' id='word_1_52' title='bbox 1251 596 1388 629; x_wconf 68' lang='lat' dir='ltr'>Gomnu</span> <span class='ocrx_word' id='word_1_53' title='bbox 1427 596 1611 638; x_wconf 81' lang='lat' dir='ltr'>frequenter</span> 
     </span>
     <span class='ocr_line' id='line_1_7' title="bbox 152 663 1611 706; baseline 0 -10"><span class='ocrx_word' id='word_1_54' title='bbox 152 665 384 696; x_wconf 79' lang='lat' dir='ltr'>transmisimus</span> <span class='ocrx_word' id='word_1_55' title='bbox 408 676 445 696; x_wconf 80' lang='lat' dir='ltr'>ex</span> <span class='ocrx_word' id='word_1_56' title='bbox 468 664 526 696; x_wconf 86' lang='lat' dir='ltr'>hac</span> <span class='ocrx_word' id='word_1_57' title='bbox 550 676 652 696; x_wconf 87' lang='lat' dir='ltr'>causa.</span> <span class='ocrx_word' id='word_1_58' title='bbox 699 664 753 696; x_wconf 79' lang='lat' dir='ltr'>Ita.</span> <span class='ocrx_word' id='word_1_59' title='bbox 775 665 861 706; x_wconf 87' lang='lat' dir='ltr'>quod</span> <span class='ocrx_word' id='word_1_60' title='bbox 882 676 938 706; x_wconf 90' lang='lat' dir='ltr'>per</span> <span class='ocrx_word' id='word_1_61' title='bbox 961 675 1018 696; x_wconf 89' lang='lat' dir='ltr'>nos</span> <span class='ocrx_word' id='word_1_62' title='bbox 1039 665 1074 696; x_wconf 90' lang='lat' dir='ltr'>in</span> <span class='ocrx_word' id='word_1_63' title='bbox 1096 665 1203 706; x_wconf 87' lang='lat' dir='ltr'>aliquo</span> <span class='ocrx_word' id='word_1_64' title='bbox 1226 675 1290 696; x_wconf 92' lang='lat' dir='ltr'>non</span> <span class='ocrx_word' id='word_1_65' title='bbox 1314 664 1403 696; x_wconf 80' lang='lat' dir='ltr'>stetit</span> <span class='ocrx_word' id='word_1_66' title='bbox 1424 664 1502 706; x_wconf 90' lang='lat' dir='ltr'>quin</span> <span class='ocrx_word' id='word_1_67' title='bbox 1523 663 1611 697; x_wconf 87' lang='lat' dir='ltr'>vobis</span> 
     </span>
     <span class='ocr_line' id='line_1_8' title="bbox 150 732 1611 775; baseline 0 -11"><span class='ocrx_word' id='word_1_68' title='bbox 150 744 244 775; x_wconf 89' lang='lat' dir='ltr'>super</span> <span class='ocrx_word' id='word_1_69' title='bbox 267 733 425 775; x_wconf 87' lang='lat' dir='ltr'>premissis</span> <span class='ocrx_word' id='word_1_70' title='bbox 448 734 536 765; x_wconf 82' lang='lat' dir='ltr'>fieret</span> <span class='ocrx_word' id='word_1_71' title='bbox 559 733 686 775; x_wconf 89' lang='lat' dir='ltr'>justicie</span> <span class='ocrx_word' id='word_1_72' title='bbox 709 733 971 775; x_wconf 72' lang='lat' dir='ltr'>complimentrum</span> <span class='ocrx_word' id='word_1_73' title='bbox 993 733 1073 765; x_wconf 89' lang='lat' dir='ltr'>sicut</span> <span class='ocrx_word' id='word_1_74' title='bbox 1096 736 1163 764; x_wconf 85' lang='lat' dir='ltr'>tam</span> <span class='ocrx_word' id='word_1_75' title='bbox 1185 744 1241 775; x_wconf 91' lang='lat' dir='ltr'>per</span> <span class='ocrx_word' id='word_1_76' title='bbox 1262 733 1369 765; x_wconf 79' lang='lat' dir='ltr'>literas</span> <span class='ocrx_word' id='word_1_77' title='bbox 1384 736 1508 764; x_wconf 81' lang='lat' dir='ltr'>nostras</span> <span class='ocrx_word' id='word_1_78' title='bbox 1522 732 1611 765; x_wconf 87' lang='lat' dir='ltr'>vobis</span> 
     </span>
     <span class='ocr_line' id='line_1_9' title="bbox 149 801 1611 843; baseline -0.001 -10"><span class='ocrx_word' id='word_1_79' title='bbox 149 801 225 832; x_wconf 86' lang='lat' dir='ltr'>inde</span> <span class='ocrx_word' id='word_1_80' title='bbox 270 802 404 833; x_wconf 85' lang='lat' dir='ltr'>directas</span> <span class='ocrx_word' id='word_1_81' title='bbox 448 813 544 843; x_wconf 86' lang='lat' dir='ltr'>quum</span> <span class='ocrx_word' id='word_1_82' title='bbox 589 813 644 843; x_wconf 84' lang='lat' dir='ltr'>per</span> <span class='ocrx_word' id='word_1_83' title='bbox 688 802 751 832; x_wconf 85' lang='lat' dir='ltr'>alia</span> <span class='ocrx_word' id='word_1_84' title='bbox 788 805 894 833; x_wconf 89' lang='lat' dir='ltr'>nostre</span> <span class='ocrx_word' id='word_1_85' title='bbox 935 801 1157 833; x_wconf 74' lang='lat' dir='ltr'>sollicitudinis</span> <span class='ocrx_word' id='word_1_86' title='bbox 1202 801 1324 843; x_wconf 82' lang='lat' dir='ltr'>judicia</span> <span class='ocrx_word' id='word_1_87' title='bbox 1368 801 1444 832; x_wconf 87' lang='lat' dir='ltr'>satis</span> <span class='ocrx_word' id='word_1_88' title='bbox 1488 803 1611 833; x_wconf 83' lang='lat' dir='ltr'>constat</span> 
     </span>
     <span class='ocr_line' id='line_1_10' title="bbox 149 869 1610 911; baseline 0 -10"><span class='ocrx_word' id='word_1_89' title='bbox 149 874 180 901; x_wconf 91' lang='lat' dir='ltr'>et</span> <span class='ocrx_word' id='word_1_90' title='bbox 203 869 359 901; x_wconf 80' lang='lat' dir='ltr'>constabit</span> <span class='ocrx_word' id='word_1_91' title='bbox 382 870 579 911; x_wconf 84' lang='lat' dir='ltr'>inposterum</span> <span class='ocrx_word' id='word_1_92' title='bbox 602 870 766 901; x_wconf 81' lang='lat' dir='ltr'>evidenter</span> <span class='ocrx_word' id='word_1_93' title='bbox 791 870 885 901; x_wconf 89' lang='lat' dir='ltr'>modo</span> <span class='ocrx_word' id='word_1_94' title='bbox 907 872 1015 901; x_wconf 87' lang='lat' dir='ltr'>autem</span> <span class='ocrx_word' id='word_1_95' title='bbox 1038 872 1287 911; x_wconf 88' lang='lat' dir='ltr'>supervenerunt</span> <span class='ocrx_word' id='word_1_96' title='bbox 1310 880 1392 900; x_wconf 78' lang='lat' dir='ltr'>nova</span> <span class='ocrx_word' id='word_1_97' title='bbox 1415 879 1476 910; x_wconf 89' lang='lat' dir='ltr'>que</span> <span class='ocrx_word' id='word_1_98' title='bbox 1498 880 1556 901; x_wconf 87' lang='lat' dir='ltr'>nos</span> <span class='ocrx_word' id='word_1_99' title='bbox 1577 872 1610 901; x_wconf 79' lang='lat' dir='ltr'>et</span> 
     </span>
     <span class='ocr_line' id='line_1_11' title="bbox 147 937 1609 979; baseline -0.001 -10"><span class='ocrx_word' id='word_1_100' title='bbox 147 938 315 969; x_wconf 84' lang='lat' dir='ltr'>eonsilium</span> <span class='ocrx_word' id='word_1_101' title='bbox 338 942 481 969; x_wconf 68' lang='lat' dir='ltr'>nostrum</span> <span class='ocrx_word' id='word_1_102' title='bbox 506 943 658 979; x_wconf 83' lang='lat' dir='ltr'>urgenter</span> <span class='ocrx_word' id='word_1_103' title='bbox 680 941 835 979; x_wconf 82' lang='lat' dir='ltr'>occupant</span> <span class='ocrx_word' id='word_1_104' title='bbox 851 939 883 969; x_wconf 85' lang='lat' dir='ltr'>et</span> <span class='ocrx_word' id='word_1_105' title='bbox 905 937 1087 969; x_wconf 80' lang='lat' dir='ltr'>distrahunt</span> <span class='ocrx_word' id='word_1_106' title='bbox 1103 938 1144 969; x_wconf 82' lang='lat' dir='ltr'>ad</span> <span class='ocrx_word' id='word_1_107' title='bbox 1159 937 1292 968; x_wconf 85' lang='lat' dir='ltr'>diversa.</span> <span class='ocrx_word' id='word_1_108' title='bbox 1338 937 1499 969; x_wconf 88' lang='lat' dir='ltr'>Dominus</span> <span class='ocrx_word' id='word_1_109' title='bbox 1523 937 1609 969; x_wconf 89' lang='lat' dir='ltr'>enim</span> 
     </span>
     <span class='ocr_line' id='line_1_12' title="bbox 150 1004 1613 1047; baseline -0.001 -9"><span class='ocrx_word' id='word_1_110' title='bbox 150 1006 221 1038; x_wconf 80' lang='lat' dir='ltr'>Rex</span> <span class='ocrx_word' id='word_1_111' title='bbox 238 1006 391 1038; x_wconf 65' lang='lat' dir='ltr'>FRANCIE</span> <span class='ocrx_word' id='word_1_112' title='bbox 407 1007 538 1038; x_wconf 87' lang='lat' dir='ltr'>illustris</span> <span class='ocrx_word' id='word_1_113' title='bbox 555 1010 677 1038; x_wconf 86' lang='lat' dir='ltr'>certum</span> <span class='ocrx_word' id='word_1_114' title='bbox 689 1007 862 1038; x_wconf 86' lang='lat' dir='ltr'>terminum</span> <span class='ocrx_word' id='word_1_115' title='bbox 875 1005 965 1037; x_wconf 83' lang='lat' dir='ltr'>nobis</span> <span class='ocrx_word' id='word_1_116' title='bbox 979 1006 1108 1047; x_wconf 71' lang='lat' dir='ltr'>prefixit</span> <span class='ocrx_word' id='word_1_117' title='bbox 1119 1006 1153 1037; x_wconf 83' lang='lat' dir='ltr'>in</span> <span class='ocrx_word' id='word_1_118' title='bbox 1167 1006 1329 1047; x_wconf 87' lang='lat' dir='ltr'>quindena</span> <span class='ocrx_word' id='word_1_119' title='bbox 1341 1005 1488 1037; x_wconf 68' lang='lat' dir='ltr'>w&#39;delieet</span> <span class='ocrx_word' id='word_1_120' title='bbox 1502 1004 1613 1038; x_wconf 79' lang='lat' dir='ltr'>Sancti</span> 
     </span>
     <span class='ocr_line' id='line_1_13' title="bbox 147 1073 1612 1116; baseline -0.001 -10"><span class='ocrx_word' id='word_1_121' title='bbox 147 1074 304 1106; x_wconf 53' lang='lat' dir='ltr'>Murum</span> <span class='ocrx_word' id='word_1_122' title='bbox 327 1075 395 1116; x_wconf 87' lang='lat' dir='ltr'>jam</span> <span class='ocrx_word' id='word_1_123' title='bbox 412 1075 538 1106; x_wconf 83' lang='lat' dir='ltr'>venturi</span> <span class='ocrx_word' id='word_1_124' title='bbox 563 1080 596 1106; x_wconf 72' lang='lat' dir='ltr'>ut</span> <span class='ocrx_word' id='word_1_125' title='bbox 620 1074 679 1106; x_wconf 71' lang='lat' dir='ltr'>sibi</span> <span class='ocrx_word' id='word_1_126' title='bbox 703 1075 741 1106; x_wconf 87' lang='lat' dir='ltr'>de</span> <span class='ocrx_word' id='word_1_127' title='bbox 758 1074 875 1105; x_wconf 83' lang='lat' dir='ltr'>ducatu</span> <span class='ocrx_word' id='word_1_128' title='bbox 891 1074 1087 1107; x_wconf 56' lang='lat' dir='ltr'>Acclama</span> <span class='ocrx_word' id='word_1_129' title='bbox 1110 1074 1264 1105; x_wconf 75' lang='lat' dir='ltr'>comitatu</span> <span class='ocrx_word' id='word_1_130' title='bbox 1284 1073 1462 1105; x_wconf 74' lang='lat' dir='ltr'>AGENENsl</span> <span class='ocrx_word' id='word_1_131' title='bbox 1485 1084 1521 1105; x_wconf 85' lang='lat' dir='ltr'>ac</span> <span class='ocrx_word' id='word_1_132' title='bbox 1541 1073 1612 1105; x_wconf 83' lang='lat' dir='ltr'>aliis</span> 
     </span>
     <span class='ocr_line' id='line_1_14' title="bbox 147 1141 1612 1185; baseline -0.001 -11"><span class='ocrx_word' id='word_1_133' title='bbox 147 1143 240 1175; x_wconf 88' lang='lat' dir='ltr'>terris</span> <span class='ocrx_word' id='word_1_134' title='bbox 262 1154 340 1185; x_wconf 85' lang='lat' dir='ltr'>quas</span> <span class='ocrx_word' id='word_1_135' title='bbox 363 1148 518 1174; x_wconf 88' lang='lat' dir='ltr'>tememus</span> <span class='ocrx_word' id='word_1_136' title='bbox 540 1144 574 1174; x_wconf 85' lang='lat' dir='ltr'>in</span> <span class='ocrx_word' id='word_1_137' title='bbox 598 1154 697 1185; x_wconf 89' lang='lat' dir='ltr'>regno</span> <span class='ocrx_word' id='word_1_138' title='bbox 721 1142 874 1174; x_wconf 71' lang='lat' dir='ltr'>FRAxcxa</span> <span class='ocrx_word' id='word_1_139' title='bbox 889 1141 1076 1184; x_wconf 76' lang='lat' dir='ltr'>homagium</span> <span class='ocrx_word' id='word_1_140' title='bbox 1098 1141 1261 1173; x_wconf 75' lang='lat' dir='ltr'>faciamus.</span> <span class='ocrx_word' id='word_1_141' title='bbox 1309 1141 1363 1172; x_wconf 84' lang='lat' dir='ltr'>Ita</span> <span class='ocrx_word' id='word_1_142' title='bbox 1379 1142 1464 1182; x_wconf 91' lang='lat' dir='ltr'>quod</span> <span class='ocrx_word' id='word_1_143' title='bbox 1479 1141 1612 1173; x_wconf 88' lang='lat' dir='ltr'>ulterius</span> 
     </span>
     <span class='ocr_line' id='line_1_15' title="bbox 148 1209 1610 1253; baseline -0.001 -11"><span class='ocrx_word' id='word_1_144' title='bbox 148 1212 349 1252; x_wconf 85' lang='lat' dir='ltr'>supersedere</span> <span class='ocrx_word' id='word_1_145' title='bbox 373 1223 438 1243; x_wconf 82' lang='lat' dir='ltr'>non</span> <span class='ocrx_word' id='word_1_146' title='bbox 465 1223 631 1252; x_wconf 87' lang='lat' dir='ltr'>possumus</span> <span class='ocrx_word' id='word_1_147' title='bbox 657 1212 734 1252; x_wconf 89' lang='lat' dir='ltr'>quin</span> <span class='ocrx_word' id='word_1_148' title='bbox 762 1216 868 1253; x_wconf 84' lang='lat' dir='ltr'>partes</span> <span class='ocrx_word' id='word_1_149' title='bbox 893 1210 1122 1242; x_wconf 81' lang='lat' dir='ltr'>transmarinas</span> <span class='ocrx_word' id='word_1_150' title='bbox 1144 1209 1353 1252; x_wconf 82' lang='lat' dir='ltr'>personaliter</span> <span class='ocrx_word' id='word_1_151' title='bbox 1377 1210 1528 1241; x_wconf 80' lang='lat' dir='ltr'>adeamus</span> <span class='ocrx_word' id='word_1_152' title='bbox 1552 1220 1610 1251; x_wconf 92' lang='lat' dir='ltr'>pro</span> 
     </span>
     <span class='ocr_line' id='line_1_16' title="bbox 148 1277 1612 1322; baseline -0.001 -12"><span class='ocrx_word' id='word_1_153' title='bbox 148 1280 280 1322; x_wconf 86' lang='lat' dir='ltr'>negocio</span> <span class='ocrx_word' id='word_1_154' title='bbox 296 1280 465 1312; x_wconf 82' lang='lat' dir='ltr'>antedicto.</span> <span class='ocrx_word' id='word_1_155' title='bbox 512 1279 557 1311; x_wconf 81' lang='lat' dir='ltr'>Et</span> <span class='ocrx_word' id='word_1_156' title='bbox 580 1280 710 1321; x_wconf 89' lang='lat' dir='ltr'>insuper</span> <span class='ocrx_word' id='word_1_157' title='bbox 733 1279 928 1311; x_wconf 69' lang='lat' dir='ltr'>Enmnnns</span> <span class='ocrx_word' id='word_1_158' title='bbox 950 1279 1183 1321; x_wconf 82' lang='lat' dir='ltr'>primogenitus</span> <span class='ocrx_word' id='word_1_159' title='bbox 1206 1281 1312 1310; x_wconf 72' lang='lat' dir='ltr'>noster</span> <span class='ocrx_word' id='word_1_160' title='bbox 1334 1278 1468 1309; x_wconf 83' lang='lat' dir='ltr'>dilectus</span> <span class='ocrx_word' id='word_1_161' title='bbox 1492 1277 1612 1310; x_wconf 85' lang='lat' dir='ltr'>amicus</span> 
     </span>
     <span class='ocr_line' id='line_1_17' title="bbox 149 1346 1612 1390; baseline -0.002 -11"><span class='ocrx_word' id='word_1_162' title='bbox 149 1352 250 1379; x_wconf 86' lang='lat' dir='ltr'>vester</span> <span class='ocrx_word' id='word_1_163' title='bbox 272 1348 339 1390; x_wconf 85' lang='lat' dir='ltr'>jam</span> <span class='ocrx_word' id='word_1_164' title='bbox 363 1352 410 1380; x_wconf 83' lang='lat' dir='ltr'>est</span> <span class='ocrx_word' id='word_1_165' title='bbox 433 1349 466 1379; x_wconf 91' lang='lat' dir='ltr'>in</span> <span class='ocrx_word' id='word_1_166' title='bbox 491 1348 652 1379; x_wconf 84' lang='lat' dir='ltr'>redeundo</span> <span class='ocrx_word' id='word_1_167' title='bbox 675 1349 714 1379; x_wconf 91' lang='lat' dir='ltr'>de</span> <span class='ocrx_word' id='word_1_168' title='bbox 738 1347 858 1379; x_wconf 59' lang='lat' dir='ltr'>&#39;rmum</span> <span class='ocrx_word' id='word_1_169' title='bbox 881 1347 1012 1380; x_wconf 72' lang='lat' dir='ltr'><strong>SAMTA</strong></span> <span class='ocrx_word' id='word_1_170' title='bbox 1034 1357 1142 1378; x_wconf 86' lang='lat' dir='ltr'>versus</span> <span class='ocrx_word' id='word_1_171' title='bbox 1164 1349 1270 1388; x_wconf 84' lang='lat' dir='ltr'>partes</span> <span class='ocrx_word' id='word_1_172' title='bbox 1291 1346 1429 1377; x_wconf 69' lang='lat' dir='ltr'><strong>ANGLOE</strong></span> <span class='ocrx_word' id='word_1_173' title='bbox 1452 1346 1533 1377; x_wconf 78' lang='lat' dir='ltr'>siout</span> <span class='ocrx_word' id='word_1_174' title='bbox 1555 1356 1612 1387; x_wconf 90' lang='lat' dir='ltr'>per</span> 
     </span>
     <span class='ocr_line' id='line_1_18' title="bbox 149 1414 1612 1448; baseline -0.001 -1"><span class='ocrx_word' id='word_1_175' title='bbox 149 1416 301 1448; x_wconf 78' lang='lat' dir='ltr'>dilectum</span> <span class='ocrx_word' id='word_1_176' title='bbox 324 1421 355 1448; x_wconf 86' lang='lat' dir='ltr'>et</span> <span class='ocrx_word' id='word_1_177' title='bbox 378 1417 504 1448; x_wconf 71' lang='lat' dir='ltr'>fidelem</span> <span class='ocrx_word' id='word_1_178' title='bbox 528 1420 671 1448; x_wconf 87' lang='lat' dir='ltr'>nostrum</span> <span class='ocrx_word' id='word_1_179' title='bbox 690 1416 854 1448; x_wconf 71' lang='lat' dir='ltr'><strong>OTTONEM</strong></span> <span class='ocrx_word' id='word_1_180' title='bbox 871 1417 910 1448; x_wconf 89' lang='lat' dir='ltr'>de</span> <span class='ocrx_word' id='word_1_181' title='bbox 927 1416 1147 1448; x_wconf 63' lang='lat' dir='ltr'>GRAxmsoso</span> <span class='ocrx_word' id='word_1_182' title='bbox 1163 1418 1193 1446; x_wconf 88' lang='lat' dir='ltr'>et</span> <span class='ocrx_word' id='word_1_183' title='bbox 1209 1414 1287 1446; x_wconf 85' lang='lat' dir='ltr'>alios</span> <span class='ocrx_word' id='word_1_184' title='bbox 1304 1415 1421 1445; x_wconf 84' lang='lat' dir='ltr'>milites</span> <span class='ocrx_word' id='word_1_185' title='bbox 1437 1414 1612 1446; x_wconf 77' lang='lat' dir='ltr'>familiares</span> 
     </span>
     <span class='ocr_line' id='line_1_19' title="bbox 149 1482 1611 1526; baseline -0.001 -11"><span class='ocrx_word' id='word_1_186' title='bbox 149 1492 181 1515; x_wconf 86' lang='lat' dir='ltr'>et</span> <span class='ocrx_word' id='word_1_187' title='bbox 204 1485 390 1517; x_wconf 84' lang='lat' dir='ltr'>domesticos</span> <span class='ocrx_word' id='word_1_188' title='bbox 413 1496 484 1516; x_wconf 86' lang='lat' dir='ltr'>suos</span> <span class='ocrx_word' id='word_1_189' title='bbox 508 1485 563 1526; x_wconf 91' lang='lat' dir='ltr'>qui</span> <span class='ocrx_word' id='word_1_190' title='bbox 586 1485 620 1516; x_wconf 89' lang='lat' dir='ltr'>in</span> <span class='ocrx_word' id='word_1_191' title='bbox 645 1489 750 1526; x_wconf 72' lang='lat' dir='ltr'>partes</span> <span class='ocrx_word' id='word_1_192' title='bbox 775 1484 946 1517; x_wconf 52' lang='lat' dir='ltr'>Vascoxm</span> <span class='ocrx_word' id='word_1_193' title='bbox 970 1485 1144 1515; x_wconf 83' lang='lat' dir='ltr'>adventum</span> <span class='ocrx_word' id='word_1_194' title='bbox 1171 1483 1270 1524; x_wconf 89' lang='lat' dir='ltr'>ipsius</span> <span class='ocrx_word' id='word_1_195' title='bbox 1296 1482 1414 1514; x_wconf 84' lang='lat' dir='ltr'>ibidem</span> <span class='ocrx_word' id='word_1_196' title='bbox 1443 1485 1611 1524; x_wconf 80' lang='lat' dir='ltr'>expectant</span> 
     </span>
     <span class='ocr_line' id='line_1_20' title="bbox 155 1551 1612 1594; baseline -0.002 -10"><span class='ocrx_word' id='word_1_197' title='bbox 155 1553 306 1584; x_wconf 78' lang='lat' dir='ltr'>veraciter</span> <span class='ocrx_word' id='word_1_198' title='bbox 328 1553 546 1585; x_wconf 79' lang='lat' dir='ltr'>intelleximus</span> <span class='ocrx_word' id='word_1_199' title='bbox 570 1554 653 1584; x_wconf 83' lang='lat' dir='ltr'>unde</span> <span class='ocrx_word' id='word_1_200' title='bbox 676 1553 703 1584; x_wconf 86' lang='lat' dir='ltr'>si</span> <span class='ocrx_word' id='word_1_201' title='bbox 724 1553 867 1594; x_wconf 86' lang='lat' dir='ltr'>predicta</span> <span class='ocrx_word' id='word_1_202' title='bbox 889 1552 1021 1594; x_wconf 85' lang='lat' dir='ltr'>negocia</span> <span class='ocrx_word' id='word_1_203' title='bbox 1046 1562 1101 1583; x_wconf 90' lang='lat' dir='ltr'>vos</span> <span class='ocrx_word' id='word_1_204' title='bbox 1130 1551 1298 1593; x_wconf 82' lang='lat' dir='ltr'>tangentia</span> <span class='ocrx_word' id='word_1_205' title='bbox 1330 1555 1540 1592; x_wconf 84' lang='lat' dir='ltr'>prorogentm·</span> <span class='ocrx_word' id='word_1_206' title='bbox 1570 1551 1612 1582; x_wconf 83' lang='lat' dir='ltr'>ad</span> 
     </span>
     <span class='ocr_line' id='line_1_21' title="bbox 150 1618 1611 1663; baseline -0.002 -10"><span class='ocrx_word' id='word_1_207' title='bbox 150 1626 277 1663; x_wconf 86' lang='lat' dir='ltr'>tempus</span> <span class='ocrx_word' id='word_1_208' title='bbox 292 1622 392 1653; x_wconf 84' lang='lat' dir='ltr'>securi</span> <span class='ocrx_word' id='word_1_209' title='bbox 408 1633 472 1653; x_wconf 88' lang='lat' dir='ltr'>esse</span> <span class='ocrx_word' id='word_1_210' title='bbox 488 1622 633 1663; x_wconf 85' lang='lat' dir='ltr'>poteritis</span> <span class='ocrx_word' id='word_1_211' title='bbox 649 1622 733 1663; x_wconf 89' lang='lat' dir='ltr'>quod</span> <span class='ocrx_word' id='word_1_212' title='bbox 750 1621 882 1663; x_wconf 84' lang='lat' dir='ltr'>negocia</span> <span class='ocrx_word' id='word_1_213' title='bbox 898 1621 954 1652; x_wconf 86' lang='lat' dir='ltr'>illa</span> <span class='ocrx_word' id='word_1_214' title='bbox 969 1631 1025 1662; x_wconf 87' lang='lat' dir='ltr'>per</span> <span class='ocrx_word' id='word_1_215' title='bbox 1047 1620 1226 1661; x_wconf 86' lang='lat' dir='ltr'>predictum</span> <span class='ocrx_word' id='word_1_216' title='bbox 1249 1618 1455 1650; x_wconf 71' lang='lat' dir='ltr'>EDWARDUM</span> <span class='ocrx_word' id='word_1_217' title='bbox 1478 1621 1510 1650; x_wconf 84' lang='lat' dir='ltr'>et</span> <span class='ocrx_word' id='word_1_218' title='bbox 1532 1619 1611 1650; x_wconf 81' lang='lat' dir='ltr'>alios</span> 
     </span>
     <span class='ocr_line' id='line_1_22' title="bbox 153 1687 1612 1734; baseline -0.002 -13"><span class='ocrx_word' id='word_1_219' title='bbox 153 1689 274 1721; x_wconf 88' lang='lat' dir='ltr'>nobiles</span> <span class='ocrx_word' id='word_1_220' title='bbox 298 1691 389 1732; x_wconf 86' lang='lat' dir='ltr'>regui</span> <span class='ocrx_word' id='word_1_221' title='bbox 414 1691 513 1722; x_wconf 85' lang='lat' dir='ltr'>nostri</span> <span class='ocrx_word' id='word_1_222' title='bbox 541 1690 635 1732; x_wconf 76' lang='lat' dir='ltr'>juxta</span> <span class='ocrx_word' id='word_1_223' title='bbox 659 1690 795 1722; x_wconf 82' lang='lat' dir='ltr'>formam</span> <span class='ocrx_word' id='word_1_224' title='bbox 819 1689 904 1731; x_wconf 82' lang='lat' dir='ltr'>pacis</span> <span class='ocrx_word' id='word_1_225' title='bbox 926 1688 1100 1730; x_wconf 74' lang='lat' dir='ltr'>predictam</span> <span class='ocrx_word' id='word_1_226' title='bbox 1127 1691 1194 1719; x_wconf 86' lang='lat' dir='ltr'>tam</span> <span class='ocrx_word' id='word_1_227' title='bbox 1217 1688 1321 1734; x_wconf 83' lang='lat' dir='ltr'>quoad</span> <span class='ocrx_word' id='word_1_228' title='bbox 1352 1688 1500 1719; x_wconf 89' lang='lat' dir='ltr'>emendas</span> <span class='ocrx_word' id='word_1_229' title='bbox 1522 1687 1612 1719; x_wconf 86' lang='lat' dir='ltr'>vobis</span> 
     </span>
     <span class='ocr_line' id='line_1_23' title="bbox 154 1756 1611 1801; baseline -0.002 -11"><span class='ocrx_word' id='word_1_230' title='bbox 154 1758 316 1790; x_wconf 75' lang='lat' dir='ltr'>faciendas</span> <span class='ocrx_word' id='word_1_231' title='bbox 338 1770 434 1800; x_wconf 75' lang='lat' dir='ltr'>quam</span> <span class='ocrx_word' id='word_1_232' title='bbox 457 1759 520 1790; x_wconf 86' lang='lat' dir='ltr'>alia</span> <span class='ocrx_word' id='word_1_233' title='bbox 543 1771 605 1801; x_wconf 90' lang='lat' dir='ltr'>que</span> <span class='ocrx_word' id='word_1_234' title='bbox 633 1759 821 1791; x_wconf 88' lang='lat' dir='ltr'>incumbunt</span> <span class='ocrx_word' id='word_1_235' title='bbox 845 1758 959 1789; x_wconf 85' lang='lat' dir='ltr'>melius</span> <span class='ocrx_word' id='word_1_236' title='bbox 982 1760 1013 1788; x_wconf 87' lang='lat' dir='ltr'>et</span> <span class='ocrx_word' id='word_1_237' title='bbox 1037 1757 1142 1799; x_wconf 84' lang='lat' dir='ltr'>magis</span> <span class='ocrx_word' id='word_1_238' title='bbox 1167 1756 1306 1798; x_wconf 81' lang='lat' dir='ltr'>perfecte</span> <span class='ocrx_word' id='word_1_239' title='bbox 1333 1767 1429 1797; x_wconf 88' lang='lat' dir='ltr'>quam</span> <span class='ocrx_word' id='word_1_240' title='bbox 1459 1756 1611 1788; x_wconf 82' lang='lat' dir='ltr'>hactenus</span> 
     </span>
     <span class='ocr_line' id='line_1_24' title="bbox 155 1824 1611 1869; baseline -0.002 -11"><span class='ocrx_word' id='word_1_241' title='bbox 155 1827 377 1868; x_wconf 84' lang='lat' dir='ltr'>explebuntur.</span> <span class='ocrx_word' id='word_1_242' title='bbox 424 1827 559 1869; x_wconf 87' lang='lat' dir='ltr'>Propter</span> <span class='ocrx_word' id='word_1_243' title='bbox 593 1828 678 1869; x_wconf 86' lang='lat' dir='ltr'>quod</span> <span class='ocrx_word' id='word_1_244' title='bbox 708 1827 881 1858; x_wconf 84' lang='lat' dir='ltr'>terminum</span> <span class='ocrx_word' id='word_1_245' title='bbox 911 1837 1012 1868; x_wconf 90' lang='lat' dir='ltr'>nuper</span> <span class='ocrx_word' id='word_1_246' title='bbox 1041 1825 1130 1857; x_wconf 89' lang='lat' dir='ltr'>vobis</span> <span class='ocrx_word' id='word_1_247' title='bbox 1166 1826 1198 1856; x_wconf 93' lang='lat' dir='ltr'>in</span> <span class='ocrx_word' id='word_1_248' title='bbox 1237 1824 1295 1856; x_wconf 88' lang='lat' dir='ltr'>hac</span> <span class='ocrx_word' id='word_1_249' title='bbox 1332 1827 1421 1866; x_wconf 88' lang='lat' dir='ltr'>parte</span> <span class='ocrx_word' id='word_1_250' title='bbox 1454 1824 1611 1866; x_wconf 82' lang='lat' dir='ltr'>prefixum</span> 
     </span>
     <span class='ocr_line' id='line_1_25' title="bbox 154 1893 1611 1934; baseline -0.002 -8"><span class='ocrx_word' id='word_1_251' title='bbox 154 1896 302 1927; x_wconf 70' lang='lat' dir='ltr'>videlicet</span> <span class='ocrx_word' id='word_1_252' title='bbox 315 1908 332 1927; x_wconf 78' lang='lat' dir='ltr'>a</span> <span class='ocrx_word' id='word_1_253' title='bbox 344 1896 425 1928; x_wconf 84' lang='lat' dir='ltr'>festo</span> <span class='ocrx_word' id='word_1_254' title='bbox 441 1896 549 1928; x_wconf 75' lang='lat' dir='ltr'>Sancti</span> <span class='ocrx_word' id='word_1_255' title='bbox 569 1895 761 1927; x_wconf 55' lang='lat' dir='ltr'>Muniam</span> <span class='ocrx_word' id='word_1_256' title='bbox 772 1895 806 1926; x_wconf 89' lang='lat' dir='ltr'>in</span> <span class='ocrx_word' id='word_1_257' title='bbox 822 1906 922 1926; x_wconf 88' lang='lat' dir='ltr'>unum</span> <span class='ocrx_word' id='word_1_258' title='bbox 940 1904 1080 1925; x_wconf 90' lang='lat' dir='ltr'>mensem</span> <span class='ocrx_word' id='word_1_259' title='bbox 1095 1893 1245 1924; x_wconf 74' lang='lat' dir='ltr'>duximus</span> <span class='ocrx_word' id='word_1_260' title='bbox 1260 1893 1497 1934; x_wconf 85' lang='lat' dir='ltr'>prorogandum</span> <span class='ocrx_word' id='word_1_261' title='bbox 1512 1903 1611 1933; x_wconf 88' lang='lat' dir='ltr'>usque</span> 
     </span>
     <span class='ocr_line' id='line_1_26' title="bbox 155 1959 1610 2005; baseline -0.003 -10"><span class='ocrx_word' id='word_1_262' title='bbox 155 1965 195 1995; x_wconf 86' lang='lat' dir='ltr'>ad</span> <span class='ocrx_word' id='word_1_263' title='bbox 209 1964 402 2005; x_wconf 88' lang='lat' dir='ltr'>quindenam</span> <span class='ocrx_word' id='word_1_264' title='bbox 419 1963 539 1995; x_wconf 82' lang='lat' dir='ltr'>Pasche</span> <span class='ocrx_word' id='word_1_265' title='bbox 552 1964 696 2005; x_wconf 81' lang='lat' dir='ltr'>proximo</span> <span class='ocrx_word' id='word_1_266' title='bbox 709 1963 852 1994; x_wconf 81' lang='lat' dir='ltr'>futuram</span> <span class='ocrx_word' id='word_1_267' title='bbox 865 1963 906 1993; x_wconf 88' lang='lat' dir='ltr'>ad</span> <span class='ocrx_word' id='word_1_268' title='bbox 918 1973 1012 2003; x_wconf 93' lang='lat' dir='ltr'>quem</span> <span class='ocrx_word' id='word_1_269' title='bbox 1024 1962 1109 1993; x_wconf 86' lang='lat' dir='ltr'>diem</span> <span class='ocrx_word' id='word_1_270' title='bbox 1120 1971 1247 2002; x_wconf 87' lang='lat' dir='ltr'>presens</span> <span class='ocrx_word' id='word_1_271' title='bbox 1259 1960 1319 1992; x_wconf 81' lang='lat' dir='ltr'>erit</span> <span class='ocrx_word' id='word_1_272' title='bbox 1330 1971 1386 2001; x_wconf 89' lang='lat' dir='ltr'>per</span> <span class='ocrx_word' id='word_1_273' title='bbox 1397 1959 1459 1992; x_wconf 90' lang='lat' dir='ltr'>Dei</span> <span class='ocrx_word' id='word_1_274' title='bbox 1471 1960 1610 2001; x_wconf 81' lang='lat' dir='ltr'>graciam</span> 
     </span>
     <span class='ocr_line' id='line_1_27' title="bbox 155 2027 1612 2073; baseline -0.003 -10"><span class='ocrx_word' id='word_1_275' title='bbox 155 2031 351 2063; x_wconf 64' lang='lat' dir='ltr'>Enwmncs</span> <span class='ocrx_word' id='word_1_276' title='bbox 381 2032 541 2073; x_wconf 84' lang='lat' dir='ltr'>predictus</span> <span class='ocrx_word' id='word_1_277' title='bbox 570 2032 604 2063; x_wconf 94' lang='lat' dir='ltr'>in</span> <span class='ocrx_word' id='word_1_278' title='bbox 637 2031 729 2073; x_wconf 85' lang='lat' dir='ltr'>cujus</span> <span class='ocrx_word' id='word_1_279' title='bbox 750 2030 911 2072; x_wconf 84' lang='lat' dir='ltr'>presencia</span> <span class='ocrx_word' id='word_1_280' title='bbox 935 2029 1068 2071; x_wconf 85' lang='lat' dir='ltr'>negocia</span> <span class='ocrx_word' id='word_1_281' title='bbox 1094 2029 1235 2070; x_wconf 85' lang='lat' dir='ltr'>predicta</span> <span class='ocrx_word' id='word_1_282' title='bbox 1259 2028 1394 2060; x_wconf 78' lang='lat' dir='ltr'>feliciter</span> <span class='ocrx_word' id='word_1_283' title='bbox 1417 2033 1449 2059; x_wconf 78' lang='lat' dir='ltr'>et</span> <span class='ocrx_word' id='word_1_284' title='bbox 1473 2027 1612 2058; x_wconf 85' lang='lat' dir='ltr'>finaliter</span> 
     </span>
     <span class='ocr_line' id='line_1_28' title="bbox 155 2095 1610 2142; baseline -0.003 -12"><span class='ocrx_word' id='word_1_285' title='bbox 155 2104 301 2142; x_wconf 73' lang='lat' dir='ltr'>poterunt</span> <span class='ocrx_word' id='word_1_286' title='bbox 335 2100 499 2131; x_wconf 83' lang='lat' dir='ltr'>terminari</span> <span class='ocrx_word' id='word_1_287' title='bbox 525 2101 566 2130; x_wconf 84' lang='lat' dir='ltr'>ad</span> <span class='ocrx_word' id='word_1_288' title='bbox 598 2099 798 2130; x_wconf 86' lang='lat' dir='ltr'>commodum</span> <span class='ocrx_word' id='word_1_289' title='bbox 825 2102 856 2130; x_wconf 89' lang='lat' dir='ltr'>et</span> <span class='ocrx_word' id='word_1_290' title='bbox 886 2097 1152 2139; x_wconf 82' lang='lat' dir='ltr'>indempnitatem</span> <span class='ocrx_word' id='word_1_291' title='bbox 1184 2099 1328 2127; x_wconf 83' lang='lat' dir='ltr'>vestram.</span> <span class='ocrx_word' id='word_1_292' title='bbox 1375 2095 1421 2126; x_wconf 81' lang='lat' dir='ltr'>Et</span> <span class='ocrx_word' id='word_1_293' title='bbox 1449 2095 1526 2126; x_wconf 87' lang='lat' dir='ltr'>scire</span> <span class='ocrx_word' id='word_1_294' title='bbox 1556 2105 1610 2126; x_wconf 85' lang='lat' dir='ltr'>vos</span> 
     </span>
     <span class='ocr_line' id='line_1_29' title="bbox 154 2162 1609 2209; baseline -0.004 -10"><span class='ocrx_word' id='word_1_295' title='bbox 154 2168 299 2199; x_wconf 80' lang='lat' dir='ltr'>volumus</span> <span class='ocrx_word' id='word_1_296' title='bbox 323 2168 406 2209; x_wconf 86' lang='lat' dir='ltr'>quod</span> <span class='ocrx_word' id='word_1_297' title='bbox 423 2167 511 2199; x_wconf 84' lang='lat' dir='ltr'>vobis</span> <span class='ocrx_word' id='word_1_298' title='bbox 533 2171 590 2199; x_wconf 86' lang='lat' dir='ltr'>aut</span> <span class='ocrx_word' id='word_1_299' title='bbox 612 2167 704 2198; x_wconf 81' lang='lat' dir='ltr'>nobis</span> <span class='ocrx_word' id='word_1_300' title='bbox 727 2166 821 2198; x_wconf 83' lang='lat' dir='ltr'>rebus</span> <span class='ocrx_word' id='word_1_301' title='bbox 843 2177 874 2198; x_wconf 91' lang='lat' dir='ltr'>se</span> <span class='ocrx_word' id='word_1_302' title='bbox 890 2165 1081 2197; x_wconf 82' lang='lat' dir='ltr'>habentibus</span> <span class='ocrx_word' id='word_1_303' title='bbox 1096 2169 1133 2196; x_wconf 86' lang='lat' dir='ltr'>ut</span> <span class='ocrx_word' id='word_1_304' title='bbox 1148 2175 1234 2196; x_wconf 87' lang='lat' dir='ltr'>nunc</span> <span class='ocrx_word' id='word_1_305' title='bbox 1248 2164 1432 2195; x_wconf 87' lang='lat' dir='ltr'>nullatenus</span> <span class='ocrx_word' id='word_1_306' title='bbox 1447 2162 1609 2204; x_wconf 80' lang='lat' dir='ltr'>expediret</span> 
     </span>
    </p>
   </div>
   <div class='ocr_carea' id='block_1_3' title="bbox 152 2231 1609 2277">
    <p class='ocr_par' dir='ltr' id='par_1_3' title="bbox 152 2231 1609 2277">
     <span class='ocr_line' id='line_1_30' title="bbox 152 2231 1609 2277; baseline -0.004 -10"><span class='ocrx_word' id='word_1_307' title='bbox 152 2236 320 2277; x_wconf 84' lang='lat' dir='ltr'>quicquam</span> <span class='ocrx_word' id='word_1_308' title='bbox 337 2235 414 2267; x_wconf 83' lang='lat' dir='ltr'>mali</span> <span class='ocrx_word' id='word_1_309' title='bbox 426 2236 476 2266; x_wconf 86' lang='lat' dir='ltr'>vel</span> <span class='ocrx_word' id='word_1_310' title='bbox 492 2247 634 2267; x_wconf 85' lang='lat' dir='ltr'>excessus</span> <span class='ocrx_word' id='word_1_311' title='bbox 649 2235 778 2267; x_wconf 88' lang='lat' dir='ltr'>interim</span> <span class='ocrx_word' id='word_1_312' title='bbox 794 2233 977 2275; x_wconf 82' lang='lat' dir='ltr'>attemptari</span> <span class='ocrx_word' id='word_1_313' title='bbox 994 2235 1103 2265; x_wconf 85' lang='lat' dir='ltr'>contra</span> <span class='ocrx_word' id='word_1_314' title='bbox 1117 2231 1254 2264; x_wconf 80' lang='lat' dir='ltr'>formam</span> <span class='ocrx_word' id='word_1_315' title='bbox 1269 2231 1355 2273; x_wconf 85' lang='lat' dir='ltr'>pacis</span> <span class='ocrx_word' id='word_1_316' title='bbox 1370 2231 1509 2272; x_wconf 82' lang='lat' dir='ltr'>predicte</span> <span class='ocrx_word' id='word_1_317' title='bbox 1523 2231 1609 2262; x_wconf 88' lang='lat' dir='ltr'>unde</span> 
     </span>
    </p>
   </div>
  </div>
 </body>
</html>
