1820 2548
1519 130 1578 161 871

161 294 295 316 vauca
309 284 344 316 in
361 283 521 316 Gonnma
537 286 746 316 memoratam
761 284 931 316 decanatui
947 284 1143 327 assignatam
1159 286 1195 316 ut
1207 284 1408 326 premisimus
1419 287 1450 316 et
1467 295 1626 318 annexam

159 351 195 384 in
218 352 363 395 proprios
386 364 461 384 usus
486 352 694 395 imposterum
716 352 802 384 licite
832 353 937 384 valeat
958 353 1105 384 retinere.
1161 351 1203 384 In
1226 352 1445 384 testimonium
1468 353 1560 395 cujus
1582 354 1627 386 rei

160 420 269 464 sigilla
283 423 392 453 nostra
407 420 617 463 praesentibus
632 420 785 452 duximus
800 422 999 463 apponenda.
1045 420 1091 452 Et
1113 421 1353 463 impressionem
1374 421 1472 464 sigilli
1495 421 1628 454 Domini

161 489 263 522 nostri
279 489 380 532 Regis
395 489 529 531 predicti
545 489 691 521 simfliter
706 488 768 521 hiis
784 490 923 531 appendi
940 490 1189 532 procuravimus.

207 557 331 589 Datum
354 558 441 600 apud
471 557 821 590 Wns'rmoxasramum
844 558 879 589 in
901 558 995 590 ffesto
1018 558 1208 590 ascentionis
1231 557 1365 590 Domini
1388 569 1473 591 anno
1496 558 1630 591 Domini

161 626 332 658 millesimo
348 631 423 658 ccmo.
439 627 646 669 nonagesimo
671 651 678 658 .
703 629 735 658 et
758 638 842 659 anno
865 627 958 669 regni
981 627 1115 659 Domini
1137 627 1237 669 Regis
1253 627 1403 669 predictae
1423 628 1488 668 (sie)
1507 627 1629 660 decimo

161 698 282 727 octavo.

788 950 1008 983 DCCLXVI.

164 1032 530 1065 CONFIRMATION
557 1032 623 1064 BY
653 1031 753 1064 THE
779 1032 1002 1065 OHAPTER
1041 1032 1100 1064 OF
1130 1032 1192 1065 ST.
1224 1033 1414 1066 DAVID'S
1445 1034 1504 1066 OF
1534 1034 1633 1067 THE

273 1100 661 1133 APPROPRIATION
701 1100 760 1133 OF
799 1100 898 1133 THE
934 1100 1135 1134 OHUROH
1168 1102 1227 1134 OF
1260 1102 1632 1143 LANGAVELAOH,

274 1168 329 1201 IN
367 1169 550 1202 GOWER.

580 1224 711 1267 [Hm.
737 1224 807 1257 MS.
835 1226 929 1264 1249,
954 1225 976 1257 f.
1002 1226 1054 1265 87,
1078 1237 1109 1268 p.
1136 1226 1226 1270 171]
1498 1228 1590 1259 1290.

209 1306 380 1338 Universis
403 1305 531 1338 Sanotae
558 1306 670 1338 matris
696 1306 833 1338 eoelesiae
859 1306 933 1338 filiis
956 1307 996 1338 ad
1022 1318 1101 1349 quos
1122 1310 1284 1349 presentes
1308 1308 1410 1340 literae
1431 1309 1635 1351 pervenerint

164 1374 342 1417 capitulum
358 1374 495 1406 ecclesiae
512 1374 738 1406 MENEVENsxs
754 1375 891 1406 salutem
907 1375 941 1406 in
957 1375 1099 1407 Domino
1115 1376 1351 1418 sempiternam.

208 1443 264 1476 Ad
279 1443 466 1475 memoriam
481 1443 605 1486 jug-iter
619 1443 807 1475 reducentes
822 1446 854 1475 et
868 1443 942 1486 jugi
965 1444 1165 1476 revolucione
1189 1456 1225 1476 ac
1248 1445 1480 1478 deliberacione
1502 1446 1635 1488 provida

163 1512 377 1554 ponderantes
392 1513 615 1553 paupertatem
627 1514 659 1543 et
673 1511 849 1543 maximam
861 1514 1036 1554 egestatem
1047 1513 1184 1545 ecolesiae
1197 1513 1374 1556 collegiatae
1387 1514 1426 1546 de
1438 1514 1631 1546 LANGADOK

163 1579 389 1612 MENEVENffls
416 1579 574 1612 dioceseos
598 1579 677 1611 adeo
704 1580 789 1621 quod
814 1583 944 1622 propter
968 1581 1147 1613 exilitatem
1177 1584 1209 1613 et
1240 1582 1407 1624 penuriam
1437 1582 1537 1624 ipsius
1566 1594 1632 1615 11011

164 1648 281 1681 habeat
303 1647 538 1690 receptaculum
561 1647 595 1679 in
618 1659 681 1690 quo
700 1659 789 1680 senes
804 1649 855 1680 vel
874 1648 1009 1691 orphani
1032 1661 1188 1692 pauperes
1202 1651 1253 1682 vel
1275 1651 1437 1692 peregrini
1459 1650 1632 1683 imbecilles

163 1717 215 1749 vel
237 1716 385 1759 languidi
408 1716 540 1748 advenae
562 1716 614 1748 vel
637 1719 838 1749 transeuntes
860 1717 989 1749 valeant
1011 1717 1166 1760 hospitari
1189 1718 1240 1750 vel
1262 1719 1307 1750 eis
1329 1719 1369 1750 de
1391 1719 1443 1751 die
1466 1731 1521 1751 seu
1542 1722 1634 1752 nocte

164 1785 264 1828 possit
285 1784 468 1826 aliqualiter
491 1783 652 1816 subveniri
676 1795 731 1816 seu
753 1784 787 1816 in
811 1796 873 1827 quo
897 1785 1039 1818 caritatis
1061 1797 1157 1828 opera
1179 1792 1386 1818 exerceantur
1408 1787 1572 1819 ecclesiam
1593 1787 1632 1819 de

165 1852 425 1886 LANGAVELACH
447 1852 483 1884 in
506 1851 667 1884 GomamA
691 1853 784 1885 dietae
807 1853 1033 1886 MEervENms
1064 1855 1221 1886 dioceseos
1243 1866 1361 1887 mensae
1385 1858 1417 1887 et
1446 1856 1633 1898 proprietati

163 1921 309 1964 ejusdem
338 1921 400 1953 loci
429 1921 568 1963 episcopi
598 1921 673 1963 quia
703 1922 815 1953 dec-ani
840 1925 871 1954 et
898 1923 1039 1965 gerentis
1070 1923 1153 1955 vices
1179 1924 1291 1955 decani
1322 1924 1356 1955 111
1386 1924 1472 1956 dicta
1501 1924 1631 1956 eeclesia

166 1990 335 2032 oouegiata
351 1990 389 2021 de
405 1989 599 2021 LANGADOK
616 1990 657 2021 ad
672 1990 773 2022 instar
788 1991 949 2033 praedietae
973 1992 1110 2023 eeclesiae
1134 1991 1360 2024 Mam-:vaxffls
1383 1992 1585 2025 consensibus
1600 1995 1632 2025 et

165 2057 344 2091 assensibus
360 2058 504 2090 omnium
520 2069 655 2099 quorum
671 2058 803 2091 interest
819 2059 854 2091 in
869 2059 928 2091 hac
944 2063 1035 2099 parte
1050 2060 1110 2092 rite
1122 2060 1420 2093 intervenientibus¹
1435 2061 1631 2104 assignatam

165 2138 222 2160 seu
236 2126 343 2169 potius
358 2137 518 2158 annexam
533 2126 573 2158 de
588 2128 696 2159 nostro
712 2138 858 2169 expresso
874 2139 1029 2160 consensu
1045 2128 1281 2170 imperpetuum
1300 2131 1410 2161 tenore
1426 2130 1631 2172 praesentium

166 2195 399 2228 confirmamus.
446 2193 500 2226 Ita
515 2194 601 2236 quod
615 2194 718 2237 ipsam
728 2195 891 2227 ecelesiam
906 2196 946 2228 de
958 2195 1217 2228 Laxoavamcn
1233 2197 1268 2228 111
1285 2196 1446 2229 Gonnum
1458 2202 1633 2230 memorata
