1820 2548
1535 163 1598 195 959

757 397 1053 431 DCCCXXXIII.

244 482 406 516 GRANT
436 481 501 514 BY
531 480 752 516 WILLIAM
781 480 847 513 DE
878 480 939 513 ST.
969 479 1201 513 YSMAHEL
1233 479 1291 511 ΤΟ
1323 478 1482 511 ROGER
1512 477 1577 510 DE

338 550 561 585 KYLPEYG
591 549 650 582 OF
680 549 812 582 LAND
842 549 905 582 AT
936 547 1142 587 HORTON,
1174 547 1227 580 IN
1261 546 1478 579 PENRIGE.

717 630 893 674 [MARGAM
917 630 1110 673 Cancrum]
1386 630 1474 661 13111
1497 628 1600 660 Cam.

224 715 333 748 Sciant
351 716 512 757 presentes
534 716 565 745 et
589 713 691 745 futuri
714 713 800 754 quod
820 723 880 755 ego
896 712 1111 745 WILLELMUS
1126 712 1165 743 de
1181 711 1297 744 Sancto
1313 710 1507 743 YSMAHELE
1523 709 1597 742 dedi
1612 712 1645 742 et

179 784 317 817 concessi
332 786 364 816 et
378 783 438 815 hac
452 782 591 825 presenti
607 785 695 814 carta
710 781 894 814 confirmavi
910 781 1053 813 Roomzo
1066 781 1105 812 de
1122 779 1285 812 KYLPEYC
1296 782 1399 812 totam
1410 782 1529 811 terram
1541 790 1646 811 meam

180 864 242 896 que
256 853 340 895 jacet
354 852 390 884 in
404 854 495 894 parte
510 850 698 883 occidentali
713 851 753 882 de
772 850 805 882 la.
823 849 992 882 HORTONE
1010 850 1044 881 in
1066 849 1160 881 feodo
1180 849 1219 880 de
1241 847 1415 891 Pmmffis]
1442 848 1560 880 scilicet
1582 857 1646 879 xrs.

182 932 269 954 acras
294 924 377 953 terre
407 920 535 952 arabilis
561 930 634 951 cum
663 919 868 962 pertinenciis
898 945 903 950 .
932 918 1021 954 Quas
1045 929 1105 961 ego
1137 918 1226 950 tenui
1257 918 1420 959 quondam
1449 917 1489 948 de
1519 916 1648 948 domino

182 989 342 1022 Ronssn‘ro
357 990 397 1021 de
412 987 594 1031 Pmasszs}
640 987 828 1020 Tenendam
844 990 876 1019 et
897 987 1079 1019 habendam
1101 986 1242 1029 predicto
1265 986 1407 1018 Roomzo
1429 988 1460 1017 et
1481 984 1650 1017 heredibus

184 1058 249 1091 suis
266 1058 317 1090 vel
340 1057 404 1090 sm‘s
427 1057 596 1099 assignatis
617 1057 668 1088 vel
691 1057 742 1088 cui
765 1056 816 1088 vel
839 1056 927 1098 quali
950 1056 1053 1098 ipsam
1072 1055 1150 1087 velit
1173 1055 1249 1086 dare
1272 1054 1324 1086 vel
1346 1054 1508 1096 assignare
1531 1053 1566 1085 in
1589 1063 1653 1095 quo

184 1129 271 1159 statu
290 1126 356 1158 vite
376 1137 431 1158 sue
453 1125 552 1157 fuerit
573 1126 661 1157 salva
683 1127 780 1167 gente
801 1125 841 1157 de
861 1124 1017 1166 religione
1038 1124 1078 1155 de
1096 1135 1148 1155 me
1171 1126 1204 1155 et
1218 1122 1389 1155 heredibus
1404 1122 1483 1154 meis
1497 1133 1555 1163 pro
1572 1147 1578 1153 .
1596 1131 1652 1153 xv,

184 1195 322 1227 denariis
340 1195 380 1226 de
397 1194 526 1226 redditu
547 1194 588 1225 ad
607 1194 725 1226 festum
746 1193 857 1225 Sancti
880 1193 1078 1225 MICHAELIS
1101 1193 1188 1224 salvo
1209 1192 1340 1223 servicio
1355 1191 1457 1233 regali
1472 1190 1653 1232 pertinente

185 1264 227 1296 ad
248 1264 374 1296 easdem
401 1263 568 1295 duodecim
591 1273 678 1294 acras
708 1288 716 1295 .
747 1264 829 1295 sicut
859 1273 919 1304 ego
950 1261 1164 1294 WILLELMrs
1187 1261 1299 1292 solitus
1319 1260 1369 1292 fui
1394 1259 1498 1291 facere
1524 1258 1654 1291 domino

185 1332 344 1365 Rommro
377 1332 417 1363 de
454 1330 627 1373 Pmmffizs]
668 1342 724 1373 per
754 1342 860 1363 meam
898 1331 1085 1362 oitacionem
1115 1329 1261 1372 legalem.
1324 1328 1370 1360 Et
1399 1339 1460 1370 ego
1490 1327 1652 1369 predictus

187 1400 401 1434 Wmmmms
417 1404 448 1432 et
463 1400 593 1432 heredes
609 1400 672 1432 mei
693 1400 834 1442 predicto
856 1399 998 1431 Roenno
1017 1403 1049 1430 et
1070 1398 1241 1430 heredibus
1257 1397 1321 1429 suis
1337 1397 1388 1429 vel
1403 1397 1468 1428 suis
1484 1395 1656 1438 assignatis

189 1469 269 1502 siout
284 1469 428 1511 superius
443 1468 590 1500 scribitur
605 1480 658 1500 eas
673 1471 783 1500 contra
808 1479 918 1500 omnes
940 1467 1085 1499 homines
1108 1469 1140 1499 et
1163 1466 1301 1498 feminas
1323 1465 1599 1497 warantizabimus
1621 1463 1656 1495 in

188 1541 385 1580 perpetuum.
433 1537 478 1569 Et
501 1548 558 1579 pro
578 1537 640 1569 ista
660 1547 731 1569 mea
755 1537 931 1568 donacione
950 1538 982 1568 et
1005 1535 1203 1568 concessione
1220 1560 1226 1566 .
1244 1545 1308 1566 xm.
1326 1544 1471 1565 acrarum
1487 1536 1570 1565 terre
1585 1543 1654 1574 pre-

190 1606 275 1638 dicte
296 1617 368 1637 cum
382 1605 584 1647 pertinenciis
607 1605 696 1637 dedit
716 1605 814 1637 michi
840 1605 1002 1647 predictus
1022 1604 1182 1636 ROGERUS
1198 1613 1277 1634 xxx.
1296 1602 1412 1634 solidos
1427 1601 1655 1643 sterlingorum

190 1686 247 1717 pre
272 1674 430 1706 manibus.
476 1674 521 1705 Et
547 1685 619 1706 cum
652 1674 814 1706 Roszncs
840 1674 880 1706 ab
905 1674 964 1705 hoc
989 1673 1094 1705 seculo
1121 1672 1262 1704 discedat
1290 1697 1296 1703 .
1325 1671 1540 1713 predictorum
1566 1694 1572 1701 .
1600 1680 1654 1701 xv.

190 1743 392 1776 denariorum
406 1743 568 1774 redditum
584 1743 681 1774 michi
697 1742 894 1775 Wmssmo
910 1743 961 1774 vel
976 1741 1148 1774 heredibus
1162 1741 1242 1772 meis
1257 1739 1474 1782 duplicabitur
1489 1738 1577 1770 omni
1592 1737 1655 1770 alin.

191 1812 354 1844 exactione
381 1812 529 1843 neclecta.
576 1811 622 1843 Et
645 1811 720 1853 quia
746 1821 806 1853 ego
836 1811 908 1843 volo
935 1811 1021 1852 quod
1045 1821 1116 1842 mea
1139 1809 1272 1842 donacio
1293 1812 1325 1840 et
1352 1807 1508 1840 concessio
1532 1806 1655 1839 stabilis

191 1883 377 1924 permaneat
393 1906 399 1911 .
417 1883 449 1912 et
469 1891 533 1912 non
554 1880 656 1911 fracta
673 1905 679 1910 .
696 1879 755 1911 hoc
776 1879 930 1921 scriptum
952 1878 1098 1911 roboravi
1119 1878 1217 1920 sigilli
1236 1877 1299 1909 mei
1318 1876 1532 1918 impressione.
1579 1874 1656 1907 Hiis

186 1950 320 1982 testibus
337 1949 475 1981 ‚DAvm
498 1950 538 1980 de
560 1949 591 1980 la
613 1947 717 1980 Mum
738 1951 816 1979 tunc
835 1948 952 1979 ballivo
974 1949 1013 1979 de
1035 1947 1241 1978 Ponri-:YNON
1259 1971 1265 1977 .
1284 1944 1445 1977 Hmmco
1467 1943 1625 1975 Semnum
1646 1968 1653 1975 .

190 2017 384 2051 Wmmmzo
415 2017 618 2049 Lmnssron'
651 2042 658 2049 .
691 2016 850 2048 Ronsnro
879 2016 909 2048 le
948 2015 1072 2047 Know,
1103 2041 1109 2047 .
1143 2014 1295 2047 HUGONE
1326 2013 1464 2045 sznvc
1491 2037 1498 2044 .
1525 2011 1657 2045 Wum-

193 2086 368 2120 WALTERo
383 2085 498 2119 Sum
513 2086 666 2118 MONTEM
685 2111 691 2116 .
708 2088 739 2117 et
755 2085 866 2117 multis
883 2085 962 2116 aliis.

237 2156 310 2188 Seal
326 2155 481 2197 wanting.
